
:20:P250103005463595
:25:NL87INGB0682431478EUR
:28C:2
:60F:C250101EUR0,00
:61:2501020102C146641,24NTRFEREF//01024317427375
/TRCD/00100/
:86:/EREF/220241218140119//CNTP/BE54363149948397/BBRUBEBB/CEGEKA NEDE
RLAND BV///REMI/USTD//20000000088:20000000089/
:61:2501020102D146641,24NCMIPPS12858584//01034319237613
/TRCD/05001/
:86:/CNTP/NL40INGB0007041500//Unit4 Group Holding B.V.///REMI/USTD//P
OOL-M NL40INGB0007041500 POOL-S NL87INGB0682431478 PPS12858584 02
/01/2025/
:62F:C250102EUR0,00
:64:C250102EUR0,00
:86:/NAME/Unit4 Group Holding B.V.//BIC/INGBNL2A//SUM/1/1/146641,24/1
46641,24/
-
:20:P250104005565134
:25:NL87INGB0682431478EUR
:28C:3
:60F:C250102EUR0,00
:61:2501030103D8500000,00NTRFEREF//01034321343775
/TRCD/00100/
:86:/EREF/MF ING TO HSBC//CNTP/NL58HSBC0786448784/HSBCNL2A/Business S
oftware Holdings BV///REMI/USTD//MF ING TO HSBC/
:61:2501030103C8500000,00NCMIPPM12866112//01044321462061
/TRCD/05001/
:86:/CNTP/NL40INGB0007041500//Unit4 Group Holding B.V.///REMI/USTD//P
OOL-M NL40INGB0007041500 POOL-S NL87INGB0682431478 PPM12866112 03
/01/2025/
:62F:C250103EUR0,00
:64:C250103EUR0,00
:86:/NAME/Unit4 Group Holding B.V.//BIC/INGBNL2A//SUM/1/1/8500000,00/
8500000,00/
-
:20:P250105005594010
:25:NL87INGB0682431478EUR
:28C:4
:60F:C250103EUR0,00
:62F:C250104EUR0,00
:64:C250104EUR0,00
:86:/NAME/Unit4 Group Holding B.V.//BIC/INGBNL2A//SUM/0/0/0,00/0,00/
-
:20:P250106005625396
:25:NL87INGB0682431478EUR
:28C:5
:60F:C250104EUR0,00
:62F:C250105EUR0,00
:64:C250105EUR0,00
:86:/NAME/Unit4 Group Holding B.V.//BIC/INGBNL2A//SUM/0/0/0,00/0,00/
-
:20:P250107005680429
:25:NL87INGB0682431478EUR
:28C:6
:60F:C250105EUR0,00
:61:2501060106C1203771,90NTRFFXN74818684//01064324805343
/TRCD/00500/
:86:/CNTP//INGBNL2A/ING Bank N.V. Internal LORO///REMI/USTD//Trans.Re
ference: FXN74818684 ING-id: XX25010649310505 NL53INGB0050912038
ING Bank N.V. Internal LORO FXFORWARD TRADE 74818684 WITH ING BAN
K N.V. AMSTERDAM ING BUYS GBP 1000000.00 EXCHANGE RATE 1.2037719/
:61:2501060106D2194148,32NTRFPREF//01064325351269
/TRCD/00200/
:86:/PREF/VT--0002501061-ING478T-S-250106//REMI/USTD//TOTAAL 25 VZ/
:61:2501060106C990376,42NCMIPPM12876449//01074325464056
/TRCD/05001/
:86:/CNTP/NL40INGB0007041500//Unit4 Group Holding B.V.///REMI/USTD//P
OOL-M NL40INGB0007041500 POOL-S NL87INGB0682431478 PPM12876449 06
/01/2025/
:62F:C250106EUR0,00
:64:C250106EUR0,00
:86:/NAME/Unit4 Group Holding B.V.//BIC/INGBNL2A//SUM/1/2/2194148,32/
2194148,32/
-
:20:P250108005762118
:25:NL87INGB0682431478EUR
:28C:7
:60F:C250106EUR0,00
:61:2501070107D66666,67NTRFVT--000250106100//01074325684178
/TRCD/00500/
:86:/CNTP/3302208587/SVBKUS6SXXX/GAINSIGHT, INC./655 MONTGOMERY ST, 7
TH FLOOR 941//REMI/USTD//Trans.Reference: VT--000250106100 ING-id
  XX25010749339359 3302208587 GAINSIGHT, INC. 655 MONTGOMERY ST,
7TH FLOOR 94111 INV-31499/
:61:2501070107D12,50NCHGVT--000250106100//01074325684179
/TRCD/09003/
:86:/REMI/USTD//Trans.Reference: VT--000250106100 ING-id: XX250107493
39359 Transfer provisie: EUR 12,50/
:61:2501070107D394661,00NTRFEREF//01074326420640
/TRCD/00100/
:86:/EREF/Unit4 inv. SI-73413//CNTP/IE86CITI99005142175390/CITIIE2X/A
cquia Inc.///REMI/USTD//MP S. 100172 INV SI-73413/
:61:2501070107D1076,64NTRFEREF//01074327216173
/TRCD/00100/
:86:/EREF/Unit4 Group Holding B.V.//CNTP/DE14202208000080667834/SXPYD
EHH/NAVAN INC///REMI/USTD//MP S. 100021/
:61:2501070107C462416,81NCMIPPM12883608//01084327340182
/TRCD/05001/
:86:/CNTP/NL40INGB0007041500//Unit4 Group Holding B.V.///REMI/USTD//P
OOL-M NL40INGB0007041500 POOL-S NL87INGB0682431478 PPM12883608 07
/01/2025/
:62F:C250107EUR0,00
:64:C250107EUR0,00
:86:/NAME/Unit4 Group Holding B.V.//BIC/INGBNL2A//SUM/4/1/462416,81/4
62416,81/
-
:20:P250109005879634
:25:NL87INGB0682431478EUR
:28C:8
:60F:C250107EUR0,00
:61:2501080108C3181,54NTRFEREF//01084327573908
/TRCD/00100/
:86:/EREF/102424R25510025.1115.5881676//CNTP/NL96INGB0009611671/INGBN
L2A/BeFrank PPI NV///REMI/USTD//102424/25510025 XX102424/25510025
XX NOTA 1 JAN 2025 102424-62 3364 DA Sliedrecht/
:61:2501080108D1659,76NDDTEREF//01084327573909
/TRCD/01018/
:86:/EREF/E2E-ID-NL-226013869//MARF/MANDATE-NL-200478800-1//CSID/NL39
ZZZ243458990000//CNTP/NL85INGB0654416265/INGBNL2A/Transip B.V.///
REMI/USTD//FACTUUR F0000.2501.0005.6825/
:61:2501080108C640470,91NTRFFXN74903149//01084328439491
/TRCD/00500/
:86:/CNTP//INGBNL2A/ING Bank N.V. Internal LORO///REMI/USTD//Trans.Re
ference: FXN74903149 ING-id: XX25010849438754 NL53INGB0050912038
ING Bank N.V. Internal LORO FXFORWARD TRADE 74903149 WITH ING BAN
K N.V. AMSTERDAM ING BUYS CAD 950000.00 EXCHANGE RATE 0.6741799/
:61:2501080108D641992,69NCMIPPS12890568//01094329461545
/TRCD/05001/
:86:/CNTP/NL40INGB0007041500//Unit4 Group Holding B.V.///REMI/USTD//P
OOL-M NL40INGB0007041500 POOL-S NL87INGB0682431478 PPS12890568 08
/01/2025/
:62F:C250108EUR0,00
:64:C250108EUR0,00
:86:/NAME/Unit4 Group Holding B.V.//BIC/INGBNL2A//SUM/2/2/643652,45/6
43652,45/
-
:20:P250110005981215
:25:NL87INGB0682431478EUR
:28C:9
:60F:C250108EUR0,00
:61:2501090109D2754612,08NTRFEREF//01094331441206
/TRCD/00100/
:86:/EREF/Unit4 MEIP Tranche9 U4 to SCA//CNTP/LU150030345964960000/BG
LLLULL/SCA///REMI/USTD//MP VT-377/
:61:2501090109D2038166,22NTRFEREF//01094331441207
/TRCD/00100/
:86:/EREF/Unit4 MEIP Tranche9 U4 to Luxco 3//CNTP/LU31003021898388000
0/BGLLLULL/Luxco 3///REMI/USTD//MP VT-376/
:61:2501090109C4792778,30NCMIPPM12897552//01104331589747
/TRCD/05001/
:86:/CNTP/NL40INGB0007041500//Unit4 Group Holding B.V.///REMI/USTD//P
OOL-M NL40INGB0007041500 POOL-S NL87INGB0682431478 PPM12897552 09
/01/2025/
:62F:C250109EUR0,00
:64:C250109EUR0,00
:86:/NAME/Unit4 Group Holding B.V.//BIC/INGBNL2A//SUM/2/1/4792778,30/
4792778,30/
-
:20:P250111006087863
:25:NL87INGB0682431478EUR
:28C:10
:60F:C250109EUR0,00
:61:2501100110C2600000,00NTRFFRS10015EL0XFU2O//01104332052961
/TRCD/00500/
:86:/CNTP/NL58HSBC0786448784/HSBCNL2AXXX/UNIT4 GROUP HOLDING B.V./336
4 DA SLIEDRECHT//REMI/USTD//Trans.Reference: FRS10015EL0XFU2O ING
 id: XX25011049585349 NL58HSBC0786448784 UNIT4 GROUP HOLDING B.V.
 3364 DA SLIEDRECHT MF HSBC ING/
:61:2501100110C2,00NTRFEREF//01104332241580
/TRCD/00100/
:86:/EREF/202501091459128337MULTI//CNTP/LU720030345790190000/BGLLLULL
/UNIT 4 MEP AGGREGATOR A SC///REMI/USTD//TRANCHE 9/
:61:2501100110D2600002,00NCMIPPS12904757//01114333856480
/TRCD/05001/
:86:/CNTP/NL40INGB0007041500//Unit4 Group Holding B.V.///REMI/USTD//P
OOL-M NL40INGB0007041500 POOL-S NL87INGB0682431478 PPS12904757 10
/01/2025/
:62F:C250110EUR0,00
:64:C250110EUR0,00
:86:/NAME/Unit4 Group Holding B.V.//BIC/INGBNL2A//SUM/1/2/2600002,00/
2600002,00/
-
:20:P250112006131070
:25:NL87INGB0682431478EUR
:28C:11
:60F:C250110EUR0,00
:62F:C250111EUR0,00
:64:C250111EUR0,00
:86:/NAME/Unit4 Group Holding B.V.//BIC/INGBNL2A//SUM/0/0/0,00/0,00/
-
:20:P250113006155383
:25:NL87INGB0682431478EUR
:28C:12
:60F:C250111EUR0,00
:62F:C250112EUR0,00
:64:C250112EUR0,00
:86:/NAME/Unit4 Group Holding B.V.//BIC/INGBNL2A//SUM/0/0/0,00/0,00/
-
:20:P250114006251706
:25:NL87INGB0682431478EUR
:28C:13
:60F:C250112EUR0,00
:61:2501130113D2582,01NDDTEREF//01134335436076
/TRCD/01018/
:86:/EREF/7068800002221662025-01-13//MARF/80000019418000//CSID/NL92ZZ
Z330314310200//CNTP/NL47INGB0667841555/INGBNL2A/ING Commercial Ca
rds///REMI/USTD//7068 80000222166 2025-01-13 ING CORPORATE CARD/
:61:2501130113C660,95NTRF3500781975//01134335436077
/TRCD/00500/
:86:/CNTP/368710001/CITIIE2XXXX/MICROSOFT IRELAND OPERATIONS LTD/2 LE
OPARDSTOWN, IE//REMI/USTD//Trans.Reference: 3500781975 ING-id: XX
25011349680301 368710001 MICROSOFT IRELAND OPERATIONS LTD 2/LEOPA
RDSTOWN, IE /NIDB/0002385508 INCENTIVE.AZPALP..20250110.6236578 P
AYREF: 68850679811062 PHON:0882471777/POP:INCENT.AZPALP../
:61:2501130113D125412,63NTRFPREF//01134337700572
/TRCD/00200/
:86:/PREF/VT--0002501131-ING478T-S-250113//REMI/USTD//TOTAAL 13 VZ/
:61:2501130113D3000000,00NTRFEREF//01134337700573
/TRCD/00100/
:86:/EREF/MF ING TO HSBC//CNTP/NL58HSBC0786448784/HSBCNL2A/Business S
oftware Holdings BV///REMI/USTD//MF ING TO HSBC/
:61:2501130113C3127333,69NCMIPPM12915521//01144337817048
/TRCD/05001/
:86:/CNTP/NL40INGB0007041500//Unit4 Group Holding B.V.///REMI/USTD//P
OOL-M NL40INGB0007041500 POOL-S NL87INGB0682431478 PPM12915521 13
/01/2025/
:62F:C250113EUR0,00
:64:C250113EUR0,00
:86:/NAME/Unit4 Group Holding B.V.//BIC/INGBNL2A//SUM/3/2/3127994,64/
3127994,64/
-
:20:P250115006347172
:25:NL87INGB0682431478EUR
:28C:14
:60F:C250113EUR0,00
:61:2501140114D14835,11NTRFVT--000250113100//01144338069528
/TRCD/00500/
:86:/CNTP/DE19512305000500398305/SCBLDEFX/6SENSE INSIGHTS, INC/US SAN
 FRANCISCO//REMI/USTD//Trans.Reference: VT--000250113100 ING-id:
XX25011449763619 DE19512305000500398305 6SENSE INSIGHTS, INC /US/
 SAN FRANCISCO CINV05205/
:61:2501140114D17232,00NTRFVT--000250113100//01144338069529
/TRCD/00500/
:86:/CNTP/1499982858/BOFAUS3NXXX/GLOBALLOGIC INC./US 110 SAN JOSE//RE
MI/USTD//Trans.Reference: VT--000250113100 ING-id: XX250114497635
68 1499982858 GLOBALLOGIC INC. /US/110 SAN JOSE 110128012/
:61:2501140114D12,50NCHGVT--000250113100//01144338069530
/TRCD/09003/
:86:/REMI/USTD//Trans.Reference: VT--000250113100 ING-id: XX250114497
63568 Transfer provisie: EUR 12,50/
:61:2501140114C1424694,00NTRFFXN75084826//01144338949403
/TRCD/00500/
:86:/CNTP//INGBNL2A/ING Bank N.V. Internal LORO///REMI/USTD//Trans.Re
ference: FXN75084826 ING-id: XX25011449799733 NL53INGB0050912038
ING Bank N.V. Internal LORO FXFORWARD TRADE 75084826 WITH ING BAN
K N.V. AMSTERDAM ING BUYS GBP 1200000.00 EXCHANGE RATE 1.187245/
:61:2501140114D2400000,00NTRFEREF//01144339514915
/TRCD/00100/
:86:/EREF/MF ING TO HSBC//CNTP/NL58HSBC0786448784/HSBCNL2A/Business S
oftware Holdings BV///REMI/USTD//MF ING TO HSBC/
:61:2501140114C1007385,61NCMIPPM12922400//01154339702171
/TRCD/05001/
:86:/CNTP/NL40INGB0007041500//Unit4 Group Holding B.V.///REMI/USTD//P
OOL-M NL40INGB0007041500 POOL-S NL87INGB0682431478 PPM12922400 14
/01/2025/
:62F:C250114EUR0,00
:64:C250114EUR0,00
:86:/NAME/Unit4 Group Holding B.V.//BIC/INGBNL2A//SUM/4/2/2432079,61/
2432079,61/
-
:20:P250116006457578
:25:NL87INGB0682431478EUR
:28C:15
:60F:C250114EUR0,00
:61:2501150115C18,55NTRFEREF//01154339947093
/TRCD/00100/
:86:/EREF/992596901117371//CNTP/NL83INGB0000010748/INGBNL2A/KPN BV AD
M 175 KPN ONE///REMI/USTD//000000148282506 Klantnr. 1127600818 No
tadatum 07-01-2025/
:61:2501150115D18,55NCMIPPS12929634//01164341696723
/TRCD/05001/
:86:/CNTP/NL40INGB0007041500//Unit4 Group Holding B.V.///REMI/USTD//P
OOL-M NL40INGB0007041500 POOL-S NL87INGB0682431478 PPS12929634 15
/01/2025/
:62F:C250115EUR0,00
:64:C250115EUR0,00
:86:/NAME/Unit4 Group Holding B.V.//BIC/INGBNL2A//SUM/1/1/18,55/18,55
/
-
:20:P250117006554802
:25:NL87INGB0682431478EUR
:28C:16
:60F:C250115EUR0,00
:61:2501160116C800000,00NTRFEREF//01164342685540
/TRCD/00100/
:86:/EREF/MF V8 TO VT//CNTP/NL53INGB0008159579/INGBNL2A/Unit4 Busines
s Software Cyprus Ltd///REMI/USTD//MF V8 TO VT/
:61:2501160116D800000,00NCMIPPS12936853//01174343635435
/TRCD/05001/
:86:/CNTP/NL40INGB0007041500//Unit4 Group Holding B.V.///REMI/USTD//P
OOL-M NL40INGB0007041500 POOL-S NL87INGB0682431478 PPS12936853 16
/01/2025/
:62F:C250116EUR0,00
:64:C250116EUR0,00
:86:/NAME/Unit4 Group Holding B.V.//BIC/INGBNL2A//SUM/1/1/800000,00/8
00000,00/
-
:20:P250118006641466
:25:NL87INGB0682431478EUR
:28C:17
:60F:C250116EUR0,00
:62F:C250117EUR0,00
:64:C250117EUR0,00
:86:/NAME/Unit4 Group Holding B.V.//BIC/INGBNL2A//SUM/0/0/0,00/0,00/
-
:20:P250119006684335
:25:NL87INGB0682431478EUR
:28C:18
:60F:C250117EUR0,00
:62F:C250118EUR0,00
:64:C250118EUR0,00
:86:/NAME/Unit4 Group Holding B.V.//BIC/INGBNL2A//SUM/0/0/0,00/0,00/
-
:20:P250120006707897
:25:NL87INGB0682431478EUR
:28C:19
:60F:C250118EUR0,00
:62F:C250119EUR0,00
:64:C250119EUR0,00
:86:/NAME/Unit4 Group Holding B.V.//BIC/INGBNL2A//SUM/0/0/0,00/0,00/
-
:20:P250121006803938
:25:NL87INGB0682431478EUR
:28C:20
:60F:C250119EUR0,00
:61:2501200120D10634,44NDDTEREF//01204347175051
/TRCD/01018/
:86:/EREF/JENT202501162459BC0010003//MARF/52146//CSID/NL42ZZZ56847726
0001//CNTP/NL20ABNA0527353795/ABNANL2A/J T AUTOLEASE BV///REMI/US
TD//Nr 772417,772418//PURP/OTHR/
:61:2501200120D15102,09NDDTEREF//01204347175052
/TRCD/01018/
:86:/EREF/7068800002103322025-01-20//MARF/80000018234000//CSID/NL92ZZ
Z330314310200//CNTP/NL47INGB0667841555/INGBNL2A/ING Commercial Ca
rds///REMI/USTD//7068 80000210332 2025-01-20 ING CORPORATE CARD/
:61:2501200120C500000,00NTRFEREF//01204347868197
/TRCD/00100/
:86:/EREF/Manual Funding T5 to VT ING//CNTP/AT141936000454420925/INGB
ATWW/PREVERO SOFTWARE GMBH///REMI/USTD//Manual Funding T5 to VT I
NG/
:61:2501200120C6871,75NTRFEREF//01204349431167
/TRCD/00100/
:86:/EREF/2000000057//CNTP/NL67BNPA0227758242/BNPANL2A/LUMEN TECHNOLO
GIES NL B.V.///REMI/USTD//CRFCN1422850//PURP/SUPP/
:61:2501200120D22834,72NTRFEREF//01204349681598
/TRCD/00100/
:86:/EREF/Unit4 Group Holding BV//CNTP/NL97INGB0674530357/INGBNL2A/HI
LTON Schiphol Hotel Operational B///REMI/USTD//MP VT-381/
:61:2501200120D458300,50NCMIPPS12954649//01214349743220
/TRCD/05001/
:86:/CNTP/NL40INGB0007041500//Unit4 Group Holding B.V.///REMI/USTD//P
OOL-M NL40INGB0007041500 POOL-S NL87INGB0682431478 PPS12954649 20
/01/2025/
:62F:C250120EUR0,00
:64:C250120EUR0,00
:86:/NAME/Unit4 Group Holding B.V.//BIC/INGBNL2A//SUM/4/2/506871,75/5
06871,75/
-
:20:P250122006907339
:25:NL87INGB0682431478EUR
:28C:21
:60F:C250120EUR0,00
:61:2501210121D202947,00NTRFPREF//01214350011594
/TRCD/00200/
:86:/PREF/52YRJYQEJH1GA6TM9-1//REMI/USTD//TOTAAL 35 VZ/
:61:2501210121D474287,50NTRFPREF//01214351690743
/TRCD/00200/
:86:/PREF/VT--0002501214-ING478T-S-250121//REMI/USTD//TOTAAL 19 VZ/
:61:2501210121C677234,50NCMIPPM12961486//01224351811400
/TRCD/05001/
:86:/CNTP/NL40INGB0007041500//Unit4 Group Holding B.V.///REMI/USTD//P
OOL-M NL40INGB0007041500 POOL-S NL87INGB0682431478 PPM12961486 21
/01/2025/
:62F:C250121EUR0,00
:64:C250121EUR0,00
:86:/NAME/Unit4 Group Holding B.V.//BIC/INGBNL2A//SUM/2/1/677234,50/6
77234,50/
-
:20:P250123006990397
:25:NL87INGB0682431478EUR
:28C:22
:60F:C250121EUR0,00
:61:2501220122D14892,51NTRFVT--000250121400//01224351999210
/TRCD/00500/
:86:/CNTP/653826102/CHASUS33XXX/DEMAND WORKS MEDIA LLC/US 0611 CHICAG
O//REMI/USTD//Trans.Reference: VT--000250121400 ING-id: XX2501225
0260582 653826102 DEMAND WORKS MEDIA LLC /US/0611 CHICAGO 17141:1
7158/
:61:2501220122D12,50NCHGVT--000250121400//01224351999211
/TRCD/09003/
:86:/REMI/USTD//Trans.Reference: VT--000250121400 ING-id: XX250122502
60582 Transfer provisie: EUR 12,50/
:61:2501220122D200000,00NTRFEREF//01224352209124
/TRCD/00150/
:86:/EREF/MF FROM VT TO K2//CNTP/FR7630438000083266403000015/INGBFRPP
/UNIT4 FRANCE/FR//REMI/USTD//MF FROM VT TO K2 - COVER PAYROLL AND
 TAX PAYMENTS/
:61:2501220122C15149,05NTRFEREF//01224352291352
/TRCD/00100/
:86:/EREF/2000000047//CNTP/GB89BNPA40638493040015/BNPAGB22/LUMEN TECH
NOLOGIES EUROPE LIMITED///REMI/USTD//CRFCN1340140//PURP/SUPP/
:61:2501220122D81067,58NTRFEREF//01224354389016
/TRCD/00100/
:86:/EREF/Unit4 INV. VF/LBV/24/00869//CNTP/NL82INGB0109384571/INGBNL2
A/Localyse BV///REMI/USTD//MP S.100446/
:61:2501220122D3641,00NTRFEREF//01224354389017
/TRCD/00100/
:86:/EREF/Unit4 inv. 2024-049//CNTP/DK5661810009504117/KRONDK22/GotFa
t Productions ApS///REMI/USTD//MP S.100659/
:61:2501220122C284464,54NCMIPPM12968583//01234354500124
/TRCD/05001/
:86:/CNTP/NL40INGB0007041500//Unit4 Group Holding B.V.///REMI/USTD//P
OOL-M NL40INGB0007041500 POOL-S NL87INGB0682431478 PPM12968583 22
/01/2025/
:62F:C250122EUR0,00
:64:C250122EUR0,00
:86:/NAME/Unit4 Group Holding B.V.//BIC/INGBNL2A//SUM/5/2/299613,59/2
99613,59/
-
:20:P250124007084316
:25:NL87INGB0682431478EUR
:28C:23
:60F:C250122EUR0,00
:61:2501230123D200000,00NTRFEREF//01234354902207
/TRCD/00150/
:86:/EREF/MF FROM VT TO K2//CNTP/FR7630438000083266403000015/INGBFRPP
/UNIT4 FRANCE/FR//REMI/USTD//MF FROM VT TO K2 - COVER PAYROLL AND
 TAX PAYMENTS/
:61:2501230123D580,28NTRFEREF//01234356337522
/TRCD/00100/
:86:/EREF/Unit4 invs 458, 351, 500, 326//CNTP/NL83INGB0000010748/INGB
NL2A/KPN BV///REMI/USTD//MP S. 100480/
:61:2501230123C200580,28NCMIPPM12975638//01244356710697
/TRCD/05001/
:86:/CNTP/NL40INGB0007041500//Unit4 Group Holding B.V.///REMI/USTD//P
OOL-M NL40INGB0007041500 POOL-S NL87INGB0682431478 PPM12975638 23
/01/2025/
:62F:C250123EUR0,00
:64:C250123EUR0,00
:86:/NAME/Unit4 Group Holding B.V.//BIC/INGBNL2A//SUM/2/1/200580,28/2
00580,28/
-
:20:P250125007154929
:25:NL87INGB0682431478EUR
:28C:24
:60F:C250123EUR0,00
:61:2501240124D200000,00NTRFEREF//01244357177049
/TRCD/00150/
:86:/EREF/MF FROM VT TO K2//CNTP/FR7630438000083266403000015/INGBFRPP
/UNIT4 FRANCE/FR//REMI/USTD//MF FROM VT TO K2 - COVER PAYROLL AND
 TAX PAYMENTS/
:61:2501240124C200000,00NCMIPPM12982821//01254359197060
/TRCD/05001/
:86:/CNTP/NL40INGB0007041500//Unit4 Group Holding B.V.///REMI/USTD//P
OOL-M NL40INGB0007041500 POOL-S NL87INGB0682431478 PPM12982821 24
/01/2025/
:62F:C250124EUR0,00
:64:C250124EUR0,00
:86:/NAME/Unit4 Group Holding B.V.//BIC/INGBNL2A//SUM/1/1/200000,00/2
00000,00/
-
:20:P250126007189693
:25:NL87INGB0682431478EUR
:28C:25
:60F:C250124EUR0,00
:62F:C250125EUR0,00
:64:C250125EUR0,00
:86:/NAME/Unit4 Group Holding B.V.//BIC/INGBNL2A//SUM/0/0/0,00/0,00/
-
:20:P250127007215600
:25:NL87INGB0682431478EUR
:28C:26
:60F:C250125EUR0,00
:61:2501260126D1603,35NCHGEREF//01264360459965
/TRCD/09001/
:86:/EREF/a928da991caf48a4a1db55ddd0b81948//CNTP//INGBNL2A////REMI/US
TD//Kosten Zakelijk Betalingsverkeer Factuurnr. 2264866658 Betref
t IBAN: NL87INGB0682431478 Periode: 01-12-2024 / 31-12-2024/
:61:2501260126C1603,35NCMIPPM12989263//01274361216832
/TRCD/05001/
:86:/CNTP/NL40INGB0007041500//Unit4 Group Holding B.V.///REMI/USTD//P
OOL-M NL40INGB0007041500 POOL-S NL87INGB0682431478 PPM12989263 26
/01/2025/
:62F:C250126EUR0,00
:64:C250126EUR0,00
:86:/NAME/Unit4 Group Holding B.V.//BIC/INGBNL2A//SUM/1/1/1603,35/160
3,35/
-
:20:P250128007323681
:25:NL87INGB0682431478EUR
:28C:27
:60F:C250126EUR0,00
:61:2501270127C9591,06NTRF6019027D4Q730001//01274362059175
/TRCD/00500/
:86:/CNTP/1416112691/BOFAUS3N/OKTA INC/SAN FRANCISCO//REMI/USTD//Tran
s.Reference: 6019027D4Q730001 ING-id: XX25012750501104 1416112691
 OKTA INC SAN FRANCISCO /RFB/251NN3334Q152357//OKTA INC CUSTOMER
REFUND/
:61:2501270127D187842,74NTRFPREF//01274364232326
/TRCD/00200/
:86:/PREF/VT--0002501277-ING478T-S-250127//REMI/USTD//TOTAAL 19 VZ/
:61:2501270127D10000,00NTRFPREF//01274364232327
/TRCD/00200/
:86:/PREF/VT--0002501277-ING478T-N-250127//REMI/USTD//TOTAAL 1 VZ/
:61:2501270127D275,21NTRFEREF//01274364232328
/TRCD/00100/
:86:/EREF/Unit4 8000 0103 6350 3323//CNTP/NL91INGB0003000047/INGBNL2A
/VGZ Zorgverzekeraar NV///REMI/USTD//MP S. 100373/
:61:2501270127C188526,89NCMIPPM12998133//01284364378409
/TRCD/05001/
:86:/CNTP/NL40INGB0007041500//Unit4 Group Holding B.V.///REMI/USTD//P
OOL-M NL40INGB0007041500 POOL-S NL87INGB0682431478 PPM12998133 27
/01/2025/
:62F:C250127EUR0,00
:64:C250127EUR0,00
:86:/NAME/Unit4 Group Holding B.V.//BIC/INGBNL2A//SUM/3/2/198117,95/1
98117,95/
-
:20:P250129007426408
:25:NL87INGB0682431478EUR
:28C:28
:60F:C250127EUR0,00
:61:2501280128D37335,73NDDTEREF//01284364626852
/TRCD/01018/
:86:/EREF/102424C25512058.1121.5912774//MARF/102424-M003//CSID/NL62ZZ
Z504817700001//CNTP/NL96INGB0009611671/INGBNL2A/BeFrank PPI NV///
REMI/USTD//102424/25512058 XX102424/25512058XX VLP 1 FEB 2025 102
424-61 3364 DA Sliedrecht/
:61:2501280128C401977,50NTRFFXN75525497//01284364626853
/TRCD/00500/
:86:/CNTP//INGBNL2A/ING Bank N.V. Internal LORO///REMI/USTD//Trans.Re
ference: FXN75525497 ING-id: XX25012850549917 NL53INGB0050912038
ING Bank N.V. Internal LORO FXFORWARD TRADE 75525497 WITH ING BAN
K N.V. AMSTERDAM ING BUYS DKK 3000000.00 EXCHANGE RATE 0.1339925/
:61:2501280128D200000,00NTRFEREF//01284364870951
/TRCD/00150/
:86:/EREF/MF FROM VT TO K2//CNTP/FR7630438000083266403000015/INGBFRPP
/UNIT4 FRANCE/FR//REMI/USTD//MF FROM VT TO K2 - COVER PAYROLL AND
 TAX PAYMENTS/
:61:2501280128D164641,77NCMIPPS13005263//01294366636488
/TRCD/05001/
:86:/CNTP/NL40INGB0007041500//Unit4 Group Holding B.V.///REMI/USTD//P
OOL-M NL40INGB0007041500 POOL-S NL87INGB0682431478 PPS13005263 28
/01/2025/
:62F:C250128EUR0,00
:64:C250128EUR0,00
:86:/NAME/Unit4 Group Holding B.V.//BIC/INGBNL2A//SUM/3/1/401977,50/4
01977,50/
-
:20:P250130007511163
:25:NL87INGB0682431478EUR
:28C:29
:60F:C250128EUR0,00
:61:2501290129D200000,00NTRFEREF//01294366860090
/TRCD/00100/
:86:/EREF/MANUAL FUNGING CASH POLL//CNTP/ES4914659000120001807934/BBR
UESMX/UNIT4 RD Spain, s.l.///REMI/USTD//I8 - MANUAL FUNDING CASH
POOL - COVER PAYROLL/
:61:2501290129C200000,00NCMIPPM13012205//01304368809745
/TRCD/05001/
:86:/CNTP/NL40INGB0007041500//Unit4 Group Holding B.V.///REMI/USTD//P
OOL-M NL40INGB0007041500 POOL-S NL87INGB0682431478 PPM13012205 29
/01/2025/
:62F:C250129EUR0,00
:64:C250129EUR0,00
:86:/NAME/Unit4 Group Holding B.V.//BIC/INGBNL2A//SUM/1/1/200000,00/2
00000,00/
-
:20:P250131007608355
:25:NL87INGB0682431478EUR
:28C:30
:60F:C250129EUR0,00
:61:2501300130D549,34NTRFTFS2009016243423//01304369030884
/TRCD/00500/
:86:/CNTP///ING Trade Finance Services NL/Foppingadreef 7//REMI/USTD/
/ING - Trade Finance Services ING ref: NLNTFSBGI0061269 Uw ref: B
G1236601903 Per. 2024-10-30 t/m 2025-01-30 Bankgarantie provisie
1,9./
:61:2501300130C549,34NCMIPPM13019600//01314371060452
/TRCD/05001/
:86:/CNTP/NL40INGB0007041500//Unit4 Group Holding B.V.///REMI/USTD//P
OOL-M NL40INGB0007041500 POOL-S NL87INGB0682431478 PPM13019600 30
/01/2025/
:62F:C250130EUR0,00
:64:C250130EUR0,00
:86:/NAME/Unit4 Group Holding B.V.//BIC/INGBNL2A//SUM/1/1/549,34/549,
34/
-
:20:P250201007696105
:25:NL87INGB0682431478EUR
:28C:31
:60F:C250130EUR0,00
:61:2501310131C1793902,35NTRFFXN75706037//01314372564949
/TRCD/00500/
:86:/CNTP//INGBNL2A/ING Bank N.V. Internal LORO///REMI/USTD//Trans.Re
ference: FXN75706037 ING-id: XX25013150777271 NL53INGB0050912038
ING Bank N.V. Internal LORO FXFORWARD TRADE 75706037 WITH ING BAN
K N.V. AMSTERDAM ING BUYS GBP 1500000.00 EXCHANGE RATE 1.1959349/
:61:2501310131D1793902,35NCMIPPS13027090//02014373670418
/TRCD/05001/
:86:/CNTP/NL40INGB0007041500//Unit4 Group Holding B.V.///REMI/USTD//P
OOL-M NL40INGB0007041500 POOL-S NL87INGB0682431478 PPS13027090 31
/01/2025/
:62F:C250131EUR0,00
:64:C250131EUR0,00
:86:/NAME/Unit4 Group Holding B.V.//BIC/INGBNL2A//SUM/1/1/1793902,35/
1793902,35/
-
:20:P250202007729622
:25:NL87INGB0682431478EUR
:28C:32
:60F:C250131EUR0,00
:62F:C250201EUR0,00
:64:C250201EUR0,00
:86:/NAME/Unit4 Group Holding B.V.//BIC/INGBNL2A//SUM/0/0/0,00/0,00/
-
:20:P250203007757493
:25:NL87INGB0682431478EUR
:28C:33
:60F:C250201EUR0,00
:62F:C250202EUR0,00
:64:C250202EUR0,00
:86:/NAME/Unit4 Group Holding B.V.//BIC/INGBNL2A//SUM/0/0/0,00/0,00/
-
:20:P250204007863796
:25:NL87INGB0682431478EUR
:28C:34
:60F:C250202EUR0,00
:61:2502030203D184,41NTRFTFS2009025319376//02034375385312
/TRCD/00500/
:86:/CNTP///ING Trade Finance Services NL/Foppingadreef 7//REMI/USTD/
/ING - Trade Finance Services ING ref: NLNTFSBGI0058526 Uw ref: B
G1236413649 Per. 2024-11-01 t/m 2025-02-01 Bankgarantie provisie
1,5./
:61:2502030203C300000,00NTRF2025020331939768//02034375461987
/TRCD/00500/
:86:/CNTP/FI7633010001147461/ESSEFIHXXXX/UNIT4 OY/02130 ESPOO//REMI/U
STD//Trans.Reference: 2025020331939768 ING-id: XX25020350819130 F
I7633010001147461 UNIT4 OY 02130 ESPOO MANUAL FUNDING FROM S8 TO
VT ING/
:61:2502030203C630000,00NTRFH01502036181704//02034377369536
/TRCD/00500/
:86:/CNTP/62374285560/FIRNZAJJXXX/UNIT4 BUSINESS SOFTWARE (PTY) LTD/C
ENTURION HENNOPSPARK X1//REMI/USTD//Trans.Reference: H01502036181
704 ING-id: XX25020350880923 62374285560 UNIT4 BUSINESS SOFTWARE
(PTY) LTD CENTURION HENNOPSPARK X1 /IC 1000057590/
:61:2502030203D929815,59NCMIPPS13039999//02044378126964
/TRCD/05001/
:86:/CNTP/NL40INGB0007041500//Unit4 Group Holding B.V.///REMI/USTD//P
OOL-M NL40INGB0007041500 POOL-S NL87INGB0682431478 PPS13039999 03
/02/2025/
:62F:C250203EUR0,00
:64:C250203EUR0,00
:86:/NAME/Unit4 Group Holding B.V.//BIC/INGBNL2A//SUM/2/2/930000,00/9
30000,00/
-
:20:P250205007967828
:25:NL87INGB0682431478EUR
:28C:35
:60F:C250203EUR0,00
:61:2502040204C1803317,25NTRFFXN75802343//02044379325021
/TRCD/00500/
:86:/CNTP//INGBNL2A/ING Bank N.V. Internal LORO///REMI/USTD//Trans.Re
ference: FXN75802343 ING-id: XX25020450953923 NL53INGB0050912038
ING Bank N.V. Internal LORO FXFORWARD TRADE 75802343 WITH ING BAN
K N.V. AMSTERDAM ING BUYS GBP 1500000.00 EXCHANGE RATE 1.2022115/
:61:2502040204D1953909,41NTRFPREF//02044379995548
/TRCD/00200/
:86:/PREF/VT--0002502041-ING478T-S-250204//REMI/USTD//TOTAAL 24 VZ/
:61:2502040204C150592,16NCMIPPM13047355//02054380120049
/TRCD/05001/
:86:/CNTP/NL40INGB0007041500//Unit4 Group Holding B.V.///REMI/USTD//P
OOL-M NL40INGB0007041500 POOL-S NL87INGB0682431478 PPM13047355 04
/02/2025/
:62F:C250204EUR0,00
:64:C250204EUR0,00
:86:/NAME/Unit4 Group Holding B.V.//BIC/INGBNL2A//SUM/1/2/1953909,41/
1953909,41/
-
:20:P250206008057608
:25:NL87INGB0682431478EUR
:28C:36
:60F:C250204EUR0,00
:61:2502050205D2300000,00NTRFEREF//02054381040054
/TRCD/00100/
:86:/EREF/MF ING TO HSBC//CNTP/NL58HSBC0786448784/HSBCNL2A/Business S
oftware Holdings BV///REMI/USTD//MF ING TO HSBC/
:61:2502050205D65,53NTRFEREF//02054381653831
/TRCD/00100/
:86:/EREF/Unit4 inv 25101908//CNTP/NL08ABNA0484987321/ABNANL2A/Exact
Netherlands B.V///REMI/USTD//MP VT-383/
:61:2502050205C2300065,53NCMIPPM13054324//02064381965278
/TRCD/05001/
:86:/CNTP/NL40INGB0007041500//Unit4 Group Holding B.V.///REMI/USTD//P
OOL-M NL40INGB0007041500 POOL-S NL87INGB0682431478 PPM13054324 05
/02/2025/
:62F:C250205EUR0,00
:64:C250205EUR0,00
:86:/NAME/Unit4 Group Holding B.V.//BIC/INGBNL2A//SUM/2/1/2300065,53/
2300065,53/
-
:20:P250207008169191
:25:NL87INGB0682431478EUR
:28C:37
:60F:C250205EUR0,00
:61:2502060206D3224,25NTRFEREF//02064383757855
/TRCD/00100/
:86:/EREF/Unit4 Group Holding B.V.//CNTP/DE14202208000080667834/SXPYD
EHH/NAVAN INC///REMI/USTD//MP S. 100021/
:61:2502060206D12100,00NTRFEREF//02064383757856
/TRCD/00100/
:86:/EREF/Unit4 inv VLC PARTNERS BV//CNTP/NL81INGB0668107790/INGBNL2A
/VLC PARTNERS BV///REMI/USTD//MP S. 100383/
:61:2502060206C15324,25NCMIPPM13061414//02074383860281
/TRCD/05001/
:86:/CNTP/NL40INGB0007041500//Unit4 Group Holding B.V.///REMI/USTD//P
OOL-M NL40INGB0007041500 POOL-S NL87INGB0682431478 PPM13061414 06
/02/2025/
:62F:C250206EUR0,00
:64:C250206EUR0,00
:86:/NAME/Unit4 Group Holding B.V.//BIC/INGBNL2A//SUM/2/1/15324,25/15
324,25/
-
:20:P250208008272899
:25:NL87INGB0682431478EUR
:28C:38
:60F:C250206EUR0,00
:61:2502070207D70000,00NTRFUNIT4 SO68914//02074384099896
/TRCD/00500/
:86:/CNTP/197678888/CHASUS33XXX/AWARDCO, INC.///REMI/USTD//Trans.Refe
rence: UNIT4 SO68914 ING-id: XX25020751135125 197678888 AWARDCO,
INC. MP S. 100687/
:61:2502070207D21,50NCHGUNIT4 SO68914//02074384099897
/TRCD/09003/
:86:/REMI/USTD//Trans.Reference: UNIT4 SO68914 ING-id: XX250207511351
25 Transfer provisie: EUR 21,50/
:61:2502070207C4768,00NTRFEREF//02074384099898
/TRCD/00100/
:86:/EREF/CCAXX254846114202502031320097100292//CNTP/NL72INGB000094010
9/INGBNL2A/BELASTINGDIENST///REMI/USTD//BSN 8225692 00186 2025 01
 00004545810 00001/
:61:2502070207C5372,00NTRFEREF//02074384099899
/TRCD/00100/
:86:/EREF/CCAXX598603183202502031320097100286//CNTP/NL72INGB000094010
9/INGBNL2A/BELASTINGDIENST///REMI/USTD//BSN 8225692 00186 2025 01
 00004545811 00001/
:61:2502070207C1799216,55NTRFFXN75950202//02074385282018
/TRCD/00500/
:86:/CNTP//INGBNL2A/ING Bank N.V. Internal LORO///REMI/USTD//Trans.Re
ference: FXN75950202 ING-id: XX25020751185068 NL53INGB0050912038
ING Bank N.V. Internal LORO FXFORWARD TRADE 75950202 WITH ING BAN
K N.V. AMSTERDAM ING BUYS GBP 1500000.00 EXCHANGE RATE 1.1994777/
:61:2502070207C2145,16NTRFNONREF//02074385741174
/TRCD/00100/
:86:/CNTP/NL97INGB0674530357/INGBNL2A/Schiphol Hotel OperationalCompa
ny BV///REMI/USTD//Deposit Refund GM: 90W/
:61:2502070207D165356,00NTRFEREF//02074385788121
/TRCD/00100/
:86:/EREF/3862381316501010//CNTP/NL86INGB0002445588/INGBNL2A/Belastin
gdienst (Wage Tax)///REMI/USTD//MP VT-386/
:61:2502070207D1576124,21NCMIPPS13068620//02084385914059
/TRCD/05001/
:86:/CNTP/NL40INGB0007041500//Unit4 Group Holding B.V.///REMI/USTD//P
OOL-M NL40INGB0007041500 POOL-S NL87INGB0682431478 PPS13068620 07
/02/2025/
:62F:C250207EUR0,00
:64:C250207EUR0,00
:86:/NAME/Unit4 Group Holding B.V.//BIC/INGBNL2A//SUM/4/4/1811501,71/
1811501,71/
-
:20:P250209008307603
:25:NL87INGB0682431478EUR
:28C:39
:60F:C250207EUR0,00
:62F:C250208EUR0,00
:64:C250208EUR0,00
:86:/NAME/Unit4 Group Holding B.V.//BIC/INGBNL2A//SUM/0/0/0,00/0,00/
-
:20:P250210008334445
:25:NL87INGB0682431478EUR
:28C:40
:60F:C250208EUR0,00
:62F:C250209EUR0,00
:64:C250209EUR0,00
:86:/NAME/Unit4 Group Holding B.V.//BIC/INGBNL2A//SUM/0/0/0,00/0,00/
-
:20:P250211008450061
:25:NL87INGB0682431478EUR
:28C:41
:60F:C250209EUR0,00
:61:2502100210D2326,26NDDTEREF//02104387450613
/TRCD/01018/
:86:/EREF/E2E-ID-NL-226476660//MARF/MANDATE-NL-200478800-1//CSID/NL39
ZZZ243458990000//CNTP/NL85INGB0654416265/INGBNL2A/Transip B.V.///
REMI/USTD//FACTUUR F0000.2502.0004.1516/
:61:2502100210D15264,07NDDTEREF//02104387450614
/TRCD/01018/
:86:/EREF/7068800002221662025-02-10//MARF/80000019418000//CSID/NL92ZZ
Z330314310200//CNTP/NL47INGB0667841555/INGBNL2A/ING Commercial Ca
rds///REMI/USTD//7068 80000222166 2025-02-10 ING CORPORATE CARD/
:61:2502100210D4000000,00NTRFEREF//02104389654163
/TRCD/00100/
:86:/EREF/MF HSBC TO ING VT//CNTP/NL58HSBC0786448784/HSBCNL2A/Busines
s Software Holdings BV///REMI/USTD//MF HSBC TO ING VT/
:61:2502100210D11353,00NTRFVT--000250210100//02104389654164
/TRCD/00500/
:86:/CNTP/653826102/CHASUS33XXX/DEMAND WORKS MEDIA LLC/US 0611 CHICAG
O//REMI/USTD//Trans.Reference: VT--000250210100 ING-id: XX2502105
1311374 653826102 DEMAND WORKS MEDIA LLC /US/0611 CHICAGO 17223/
:61:2502100210D12,50NCHGVT--000250210100//02104389654165
/TRCD/09003/
:86:/REMI/USTD//Trans.Reference: VT--000250210100 ING-id: XX250210513
11374 Transfer provisie: EUR 12,50/
:61:2502100210D458750,64NTRFPREF//02104389688606
/TRCD/00200/
:86:/PREF/VT--0002502101-ING478T-S-250210//REMI/USTD//TOTAAL 16 VZ/
:61:2502100210C4487706,47NCMIPPM13079067//02114389839328
/TRCD/05001/
:86:/CNTP/NL40INGB0007041500//Unit4 Group Holding B.V.///REMI/USTD//P
OOL-M NL40INGB0007041500 POOL-S NL87INGB0682431478 PPM13079067 10
/02/2025/
:62F:C250210EUR0,00
:64:C250210EUR0,00
:86:/NAME/Unit4 Group Holding B.V.//BIC/INGBNL2A//SUM/6/1/4487706,47/
4487706,47/
-
:20:P250212008548774
:25:NL87INGB0682431478EUR
:28C:42
:60F:C250210EUR0,00
:61:2502110211C275,21NTRFEREF//02114390698642
/TRCD/00100/
:86:/EREF/10370768616//CNTP/NL63INGB0003000066/INGBNL2A/VGZ Zorgverze
keraar N.V.///REMI/USTD//Uw ref: Restitutie teveel betaalde./
:61:2502110211C1197754,30NTRFFXN76050080//02114390967892
/TRCD/00500/
:86:/CNTP//INGBNL2A/ING Bank N.V. Internal LORO///REMI/USTD//Trans.Re
ference: FXN76050080 ING-id: XX25021151361159 NL53INGB0050912038
ING Bank N.V. Internal LORO FXFORWARD TRADE 76050080 WITH ING BAN
K N.V. AMSTERDAM ING BUYS GBP 1000000.00 EXCHANGE RATE 1.1977543/
:61:2502110211D10700,00NTRFEREF//02114391501180
/TRCD/00100/
:86:/EREF/Unit4 inv. UK97685//CNTP/GB92HBUK40127684825737/HBUKGB4B/Ne
xt Ventures Ltd///REMI/USTD//MP S. 100624 UK97685/
:61:2502110211D1187329,51NCMIPPS13085946//02124391708919
/TRCD/05001/
:86:/CNTP/NL40INGB0007041500//Unit4 Group Holding B.V.///REMI/USTD//P
OOL-M NL40INGB0007041500 POOL-S NL87INGB0682431478 PPS13085946 11
/02/2025/
:62F:C250211EUR0,00
:64:C250211EUR0,00
:86:/NAME/Unit4 Group Holding B.V.//BIC/INGBNL2A//SUM/2/2/1198029,51/
1198029,51/
-
:20:P250213008651160
:25:NL87INGB0682431478EUR
:28C:43
:60F:C250211EUR0,00
:62F:C250212EUR0,00
:64:C250212EUR0,00
:86:/NAME/Unit4 Group Holding B.V.//BIC/INGBNL2A//SUM/0/0/0,00/0,00/
-
:20:P250214008750765
:25:NL87INGB0682431478EUR
:28C:44
:60F:C250212EUR0,00
:61:2502130213D314,60NDDTEREF//02134393756114
/TRCD/01018/
:86:/EREF/118547//MARF/944090//CSID/NL96ZZZ273620000000//CNTP/NL10RAB
O0373122209/RABONL2U/Koninklijke PostNL B.V.///REMI/USTD//6800049
0 1061-6964872/
:61:2502130213D2000000,00NTRFEREF//02134395186926
/TRCD/00100/
:86:/EREF/MF ING TO HSBC VT//CNTP/NL58HSBC0786448784/HSBCNL2A/Busines
s Software Holdings BV///REMI/USTD//MF ING TO HSBC VT/
:61:2502130213C2000314,60NCMIPPM13099986//02144395347305
/TRCD/05001/
:86:/CNTP/NL40INGB0007041500//Unit4 Group Holding B.V.///REMI/USTD//P
OOL-M NL40INGB0007041500 POOL-S NL87INGB0682431478 PPM13099986 13
/02/2025/
:62F:C250213EUR0,00
:64:C250213EUR0,00
:86:/NAME/Unit4 Group Holding B.V.//BIC/INGBNL2A//SUM/2/1/2000314,60/
2000314,60/
-
:20:P250215008852797
:25:NL87INGB0682431478EUR
:28C:45
:60F:C250213EUR0,00
:61:2502140214D2699,00NTRFEREF//02144397157245
/TRCD/00100/
:86:/EREF/Unit4 Group Holding B.V.//CNTP/FR7630004040140075017584407/
BNPAFRPP/EcoVadis///REMI/USTD//MP VT-388 DUMMY ACCOUNT/
:61:2502140214C2699,00NCMIPPM13107306//02154397302342
/TRCD/05001/
:86:/CNTP/NL40INGB0007041500//Unit4 Group Holding B.V.///REMI/USTD//P
OOL-M NL40INGB0007041500 POOL-S NL87INGB0682431478 PPM13107306 14
/02/2025/
:62F:C250214EUR0,00
:64:C250214EUR0,00
:86:/NAME/Unit4 Group Holding B.V.//BIC/INGBNL2A//SUM/1/1/2699,00/269
9,00/
-
:20:P250216008902634
:25:NL87INGB0682431478EUR
:28C:46
:60F:C250214EUR0,00
:62F:C250215EUR0,00
:64:C250215EUR0,00
:86:/NAME/Unit4 Group Holding B.V.//BIC/INGBNL2A//SUM/0/0/0,00/0,00/
-
:20:P250217008930618
:25:NL87INGB0682431478EUR
:28C:47
:60F:C250215EUR0,00
:62F:C250216EUR0,00
:64:C250216EUR0,00
:86:/NAME/Unit4 Group Holding B.V.//BIC/INGBNL2A//SUM/0/0/0,00/0,00/
-
:20:P250218009042919
:25:NL87INGB0682431478EUR
:28C:48
:60F:C250216EUR0,00
:61:2502170217D10183,53NDDTEREF//02174398791812
/TRCD/01018/
:86:/EREF/JTN202502132472BC0010002//MARF/52146//CSID/NL42ZZZ568477260
001//CNTP/NL20ABNA0527353795/ABNANL2A/J T AUTOLEASE BV///REMI/UST
D//Nr 776328//PURP/OTHR/
:61:2502170217D610,08NTRFTFS2009073736206//02174398791813
/TRCD/00500/
:86:/CNTP///ING Trade Finance Services NL/Foppingadreef 7//REMI/USTD/
/ING - Trade Finance Services ING ref: NLNTFSBGI0060139 Uw ref: B
G1236599096 Per. 2024-11-17 t/m 2025-02-17 Bankgarantie provisie
1,9./
:61:2502170217D19847,06NDDTEREF//02174398791814
/TRCD/01018/
:86:/EREF/7068800002103322025-02-17//MARF/80000018234000//CSID/NL92ZZ
Z330314310200//CNTP/NL47INGB0667841555/INGBNL2A/ING Commercial Ca
rds///REMI/USTD//7068 80000210332 2025-02-17 ING CORPORATE CARD/
:61:2502170217C3244762,26NTRFFXN76266266//02174400264828
/TRCD/00500/
:86:/CNTP//INGBNL2A/ING Bank N.V. Internal LORO///REMI/USTD//Trans.Re
ference: FXN76266266 ING-id: XX25021751712700 NL53INGB0050912038
ING Bank N.V. Internal LORO FXFORWARD TRADE 76266266 WITH ING BAN
K N.V. AMSTERDAM ING BUYS GBP 2700000.00 EXCHANGE RATE 1.2017638/
:61:2502170217D110177,68NTRFPREF//02174400925352
/TRCD/00200/
:86:/PREF/VT--0002502171-ING478T-S-250217//REMI/USTD//TOTAAL 13 VZ/
:61:2502170217D5400000,00NTRFEREF//02174400925353
/TRCD/00100/
:86:/EREF/MF ING TO HSBC VT//CNTP/NL58HSBC0786448784/HSBCNL2A/Busines
s Software Holdings BV///REMI/USTD//MF ING TO HSBC VT/
:61:2502170217C2296056,09NCMIPPM13118086//02184401037837
/TRCD/05001/
:86:/CNTP/NL40INGB0007041500//Unit4 Group Holding B.V.///REMI/USTD//P
OOL-M NL40INGB0007041500 POOL-S NL87INGB0682431478 PPM13118086 17
/02/2025/
:62F:C250217EUR0,00
:64:C250217EUR0,00
:86:/NAME/Unit4 Group Holding B.V.//BIC/INGBNL2A//SUM/5/2/5540818,35/
5540818,35/
-
:20:P250219009145505
:25:NL87INGB0682431478EUR
:28C:49
:60F:C250217EUR0,00
:61:2502180218D3539,50NTRFVT--000250217100//02184401331850
/TRCD/00500/
:86:/CNTP/653826102/CHASUS33XXX/DEMAND WORKS MEDIA LLC/US 0611 CHICAG
O//REMI/USTD//Trans.Reference: VT--000250217100 ING-id: XX2502185
1749198 653826102 DEMAND WORKS MEDIA LLC /US/0611 CHICAGO 17329/
:61:2502180218C416,40NTRF3503418199//02184401331851
/TRCD/00500/
:86:/CNTP/368710001/CITIIE2XXXX/MICROSOFT IRELAND OPERATIONS LTD/2 LE
OPARDSTOWN, IE//REMI/USTD//Trans.Reference: 3503418199 ING-id: XX
25021851754638 368710001 MICROSOFT IRELAND OPERATIONS LTD 2/LEOPA
RDSTOWN, IE /NIDB/0002385508 INCENTIVE.AZPALP..20250215.6236578 P
AYREF: 68251174081062 PHON:0882471777/POP:INCENT.AZPALP../
:61:2502200218D5790,59NTRFUNIT4 INV. 80449//02184401331852
/TRCD/00500//OCMT/IDR95537314,92/
:86:/CNTP/NL24ABNA0476410002/ABNANL2A/BVCM COLLECTIONS BV///REMI/USTD
//Trans.Reference: UNIT4 INV. 80449 ING-id: XX25021851749456 IDR
95.537.314,92 Koers: 16.498,72NL24ABNA0476410002 BVCM COLLECTIONS
 BV MP S.100642/
:61:2502200218D19108,37NTRFUNIT4 INV. 80449//02184401331853
/TRCD/00500//OCMT/MYR85849,11/
:86:/CNTP/NL24ABNA0476410002/ABNANL2A/BCVM///REMI/USTD//Trans.Referen
ce: UNIT4 INV. 80449 ING-id: XX25021851749036 MYR 85.849,11 Koers
  4,492750 NL24ABNA0476410002 BCVM MP S.100642/
:61:2502200218D12,50NCHGUNIT4 INV. 80449//02184401331854
/TRCD/09003/
:86:/REMI/USTD//Trans.Reference: UNIT4 INV. 80449 ING-id: XX250218517
49456 Transfer provisie: EUR 12,50/
:61:2502180218D12,50NCHGVT--000250217100//02184401331855
/TRCD/09003/
:86:/REMI/USTD//Trans.Reference: VT--000250217100 ING-id: XX250218517
49198 Transfer provisie: EUR 12,50/
:61:2502200218D12,50NCHGUNIT4 INV. 80449//02184401331856
/TRCD/09003/
:86:/REMI/USTD//Trans.Reference: UNIT4 INV. 80449 ING-id: XX250218517
49036 Transfer provisie: EUR 12,50/
:61:2502180218D1210,00NTRFEREF//02184402713783
/TRCD/00100/
:86:/EREF/Unit4 Group Holding BV//CNTP/NL50INGB0693436115/INGBNL2A/De
loitte Accountancy . Advies B.V///REMI/USTD//MP VT-390 634313 / 2
5059/
:61:2502180218D2000,00NTRFTAX INVOICE S631//02184402713784
/TRCD/00500/
:86:/CNTP/90671473/SBZAZAJJXXX/BOWMAN GILFILLAN///REMI/USTD//Trans.Re
ference: TAX INVOICE S631 ING-id: XX25021851811025 90671473 BOWMA
N GILFILLAN MP S. 100077/
:61:2502180218D37,50NCHGTAX INVOICE S631//02184402713785
/TRCD/09003/
:86:/REMI/USTD//Trans.Reference: TAX INVOICE S631 ING-id: XX250218518
11025 Transfer provisie: EUR 37,50/
:61:2502180218C6383,10NCMIPPM13125007//02194402879585
/TRCD/05001/
:86:/CNTP/NL40INGB0007041500//Unit4 Group Holding B.V.///REMI/USTD//P
OOL-M NL40INGB0007041500 POOL-S NL87INGB0682431478 PPM13125007 18
/02/2025/
:62F:D250218EUR24923,96
:64:C250218EUR0,00
:86:/NAME/Unit4 Group Holding B.V.//BIC/INGBNL2A//SUM/9/2/31723,46/67
99,50/
-
:20:P250220009242878
:25:NL87INGB0682431478EUR
:28C:50
:60F:D250218EUR24923,96
:61:2502190219D117953,22NTRFPREF//02194404425145
/TRCD/00200/
:86:/PREF/VT--0002502191-ING478T-S-250219//REMI/USTD//TOTAAL 1 VZ/
:61:2502190219C117953,22NCMIPPM13131841//02204404607160
/TRCD/05001/
:86:/CNTP/NL40INGB0007041500//Unit4 Group Holding B.V.///REMI/USTD//P
OOL-M NL40INGB0007041500 POOL-S NL87INGB0682431478 PPM13131841 19
/02/2025/
:62F:D250219EUR24923,96
:64:C250219EUR0,00
:86:/NAME/Unit4 Group Holding B.V.//BIC/INGBNL2A//SUM/1/1/117953,22/1
17953,22/
-
:20:P250221009346184
:25:NL87INGB0682431478EUR
:28C:51
:60F:D250219EUR24923,96
:61:2502200220D227132,95NTRFPREF//02204404910006
/TRCD/00200/
:86:/PREF/LK5NDZYWWFV2HZ7ND-1//REMI/USTD//TOTAAL 34 VZ/
:61:2502200220C252056,91NCMIPPM13138890//02214406840515
/TRCD/05001/
:86:/CNTP/NL40INGB0007041500//Unit4 Group Holding B.V.///REMI/USTD//P
OOL-M NL40INGB0007041500 POOL-S NL87INGB0682431478 PPM13138890 20
/02/2025/
:62F:C250220EUR0,00
:64:C250220EUR0,00
:86:/NAME/Unit4 Group Holding B.V.//BIC/INGBNL2A//SUM/1/1/227132,95/2
52056,91/
-
:20:P250222009448486
:25:NL87INGB0682431478EUR
:28C:52
:60F:C250220EUR0,00
:61:2502210221C18474,09NTRF9B465B96C45646B4//02214408727917
/TRCD/00500/
:86:/CNTP//INGBNL2A/INTL FCSTONE LONDON///REMI/USTD//Trans.Reference:
 9B465B96C45646B4 ING-id: XX25022152043033 NL17INGB0050931504 INT
L FCSTONE LONDON XX25021851749036 SRVC00048-180225 RTN DUE TO INV
ALID ACCOUNT WITH FX LOSS/
:61:2502210221D18474,09NCMIPPS13146212//02224409064090
/TRCD/05001/
:86:/CNTP/NL40INGB0007041500//Unit4 Group Holding B.V.///REMI/USTD//P
OOL-M NL40INGB0007041500 POOL-S NL87INGB0682431478 PPS13146212 21
/02/2025/
:62F:C250221EUR0,00
:64:C250221EUR0,00
:86:/NAME/Unit4 Group Holding B.V.//BIC/INGBNL2A//SUM/1/1/18474,09/18
474,09/
-
:20:P250223009489870
:25:NL87INGB0682431478EUR
:28C:53
:60F:C250221EUR0,00
:62F:C250222EUR0,00
:64:C250222EUR0,00
:86:/NAME/Unit4 Group Holding B.V.//BIC/INGBNL2A//SUM/0/0/0,00/0,00/
-
:20:P250224009515951
:25:NL87INGB0682431478EUR
:28C:54
:60F:C250222EUR0,00
:62F:C250223EUR0,00
:64:C250223EUR0,00
:86:/NAME/Unit4 Group Holding B.V.//BIC/INGBNL2A//SUM/0/0/0,00/0,00/
-
:20:P250225009614371
:25:NL87INGB0682431478EUR
:28C:55
:60F:C250223EUR0,00
:61:2502240224D400000,00NTRFEREF//02244410898369
/TRCD/00150/
:86:/EREF/MP FUNDING T2 PA//CNTP/DE67500210000010168417/INGBDEFF/PREV
ERO GMBH///REMI/USTD//MF FUNDING VT TO T2 PAYROLL/
:61:2502240224D850000,00NTRFEREF//02244410898370
/TRCD/00150/
:86:/EREF/MF FROM VT TO K2//CNTP/FR7630438000083266403000015/INGBFRPP
/UNIT4 FRANCE/FR//REMI/USTD//MF FROM VT TO K2 - VAT PAYMENT/
:61:2502240224D17760,00NTRFVT--000250224100//02244413163692
/TRCD/00500/
:86:/CNTP/697839055/CHASUS33XXX/DEMAND SCIENCE US, LLC/US//REMI/USTD/
/Trans.Reference: VT--000250224100 ING-id: XX25022452121758 69783
9055 DEMAND SCIENCE US, LLC /US/ INV044178:INV044190/
:61:2502240224D12,50NCHGVT--000250224100//02244413163693
/TRCD/09003/
:86:/REMI/USTD//Trans.Reference: VT--000250224100 ING-id: XX250224521
21758 Transfer provisie: EUR 12,50/
:61:2502240224D12,50NCHGVT--000250224100//02244413163694
/TRCD/09003/
:86:/REMI/USTD//Trans.Reference: VT--000250224100 ING-id: XX250224521
21757 Transfer provisie: EUR 12,50/
:61:2502250224D12,50NCHGVT--000250224100//02244413163695
/TRCD/09003/
:86:/REMI/USTD//Trans.Reference: VT--000250224100 ING-id: XX250224521
21755 Transfer provisie: EUR 12,50/
:61:2502240224D30,00NTRFVT--000250224100//02244413163696
/TRCD/00500/
:86:/CNTP/697839055/CHASUS33XXX/DEMAND SCIENCE US, LLC/US//REMI/USTD/
/Trans.Reference: VT--000250224100 ING-id: XX25022452121757 69783
9055 DEMAND SCIENCE US, LLC /US/ INV044085/
:61:2502240224D180291,34NTRFPREF//02244413163697
/TRCD/00200/
:86:/PREF/VT--0002502241-ING478T-S-250224//REMI/USTD//TOTAAL 17 VZ/
:61:2502250224D10000,00NTRFVT--000250224100//02244413163698
/TRCD/00500/
:86:/CNTP/AD7500031101124610710101/CRDAADAD/TVST CONSULTING S.L./AD D
400, ANDORRA//REMI/USTD//Trans.Reference: VT--000250224100 ING-id
  XX25022452121755 AD7500031101124610710101 TVST CONSULTING S.L.
/AD/D400, ANDORRA 01/25-VS/
:61:2502250224D22842,24NTRFVT--000250224100//02244413266270
/TRCD/00500/
:86:/CNTP/NL17RABO0366113348/RABONL2U/VAN DER VALK SCHIPHOL///REMI/US
TD//Trans.Reference: VT--000250224100 ING-id: XX25022452121760 NL
17RABO0366113348 VAN DER VALK SCHIPHOL SCH-GF122534JANUARY/
:61:2502240224C1448106,34NCMIPPM13157024//02254413472525
/TRCD/05001/
:86:/CNTP/NL40INGB0007041500//Unit4 Group Holding B.V.///REMI/USTD//P
OOL-M NL40INGB0007041500 POOL-S NL87INGB0682431478 PPM13157024 24
/02/2025/
:62F:D250224EUR32854,74
:64:C250224EUR0,00
:86:/NAME/Unit4 Group Holding B.V.//BIC/INGBNL2A//SUM/10/1/1480961,08
/1448106,34/
-
:20:P250226009717509
:25:NL87INGB0682431478EUR
:28C:56
:60F:D250224EUR32854,74
:61:2502250225D200000,00NTRFEREF//02254414153450
/TRCD/00100/
:86:/EREF/MANUAL FUNGING CASH POLL//CNTP/ES4914659000120001807934/BBR
UESMX/UNIT4 RD Spain, s.l.///REMI/USTD//MANUAL FUNDING COUVER PAY
ROLL/
:61:2502250225C232854,74NCMIPPM13164192//02264416088035
/TRCD/05001/
:86:/CNTP/NL40INGB0007041500//Unit4 Group Holding B.V.///REMI/USTD//P
OOL-M NL40INGB0007041500 POOL-S NL87INGB0682431478 PPM13164192 25
/02/2025/
:62F:C250225EUR0,00
:64:C250225EUR0,00
:86:/NAME/Unit4 Group Holding B.V.//BIC/INGBNL2A//SUM/1/1/200000,00/2
32854,74/
-
:20:P250227009812833
:25:NL87INGB0682431478EUR
:28C:57
:60F:C250225EUR0,00
:61:2502260226D1732,02NCHGEREF//02264416371889
/TRCD/09001/
:86:/EREF/e8484b61217e48249fc718fb85eb6a6d//CNTP//INGBNL2A////REMI/US
TD//Kosten Zakelijk Betalingsverkeer Factuurnr. 2273333876 Betref
t IBAN: NL87INGB0682431478 Periode: 01-01-2025 / 31-01-2025/
:61:2502260226D37455,56NDDTEREF//02264416371890
/TRCD/01018/
:86:/EREF/102424C25516255.1136.5997698//MARF/102424-M003//CSID/NL62ZZ
Z504817700001//CNTP/NL96INGB0009611671/INGBNL2A/BeFrank PPI NV///
REMI/USTD//102424/25516255 XX102424/25516255XX VLP 1 MRT 2025 102
424-63 3364 DA Sliedrecht/
:61:2502260226C1205477,90NTRFFXN76610164//02264417562306
/TRCD/00500/
:86:/CNTP//INGBNL2A/ING Bank N.V. Internal LORO///REMI/USTD//Trans.Re
ference: FXN76610164 ING-id: XX25022652247388 NL53INGB0050912038
ING Bank N.V. Internal LORO FXFORWARD TRADE 76610164 WITH ING BAN
K N.V. AMSTERDAM ING BUYS GBP 1000000.00 EXCHANGE RATE 1.2054779/
:61:2502260226D200000,00NTRFEREF//02264418320367
/TRCD/00100/
:86:/EREF/Funding VT to E5 - for Germany VAT//CNTP/DE2750021000002501
0331/INGBDEFF/E5 - Unit4 Business Software GMBH///REMI/USTD//Fund
ing VT to E5 - for Germany fiscal unity (E5-T2-T4)/
:61:2502260226D966290,32NCMIPPS13172785//02274418591792
/TRCD/05001/
:86:/CNTP/NL40INGB0007041500//Unit4 Group Holding B.V.///REMI/USTD//P
OOL-M NL40INGB0007041500 POOL-S NL87INGB0682431478 PPS13172785 26
/02/2025/
:62F:C250226EUR0,00
:64:C250226EUR0,00
:86:/NAME/Unit4 Group Holding B.V.//BIC/INGBNL2A//SUM/4/1/1205477,90/
1205477,90/
-
:20:P250228009914734
:25:NL87INGB0682431478EUR
:28C:58
:60F:C250226EUR0,00
:61:2502270227D65462,85NTRFEREF//02274419830062
/TRCD/00100/
:86:/EREF/U4 to Nature II//CNTP/LU310030218983880000/BGLLLULL/Nature
II///REMI/USTD//MP VT-395 115300 MEIP/
:61:2502270227C65462,85NCMIPPM13180955//02284420871274
/TRCD/05001/
:86:/CNTP/NL40INGB0007041500//Unit4 Group Holding B.V.///REMI/USTD//P
OOL-M NL40INGB0007041500 POOL-S NL87INGB0682431478 PPM13180955 27
/02/2025/
:62F:C250227EUR0,00
:64:C250227EUR0,00
:86:/NAME/Unit4 Group Holding B.V.//BIC/INGBNL2A//SUM/1/1/65462,85/65
462,85/
-
:20:P250301000022207
:25:NL87INGB0682431478EUR
:28C:59
:60F:C250227EUR0,00
:61:2502280228C14131,70NTRFEREF//02284422092096
/TRCD/00100/
:86:/EREF/85e7418e47854595aec4963faef70b6d//CNTP/NL56ABNA0604322259/A
BNANL2A/VAANSTER II BV///REMI/USTD//Afrekening 2024-01-01/2025-01
 01 10838341/
:61:2502280228D14131,70NCMIPPS13188985//03014423904422
/TRCD/05001/
:86:/CNTP/NL40INGB0007041500//Unit4 Group Holding B.V.///REMI/USTD//P
OOL-M NL40INGB0007041500 POOL-S NL87INGB0682431478 PPS13188985 28
/02/2025/
:62F:C250228EUR0,00
:64:C250228EUR0,00
:86:/NAME/Unit4 Group Holding B.V.//BIC/INGBNL2A//SUM/1/1/14131,70/14
131,70/
-
:20:P250302000072955
:25:NL87INGB0682431478EUR
:28C:60
:60F:C250228EUR0,00
:62F:C250301EUR0,00
:64:C250301EUR0,00
:86:/NAME/Unit4 Group Holding B.V.//BIC/INGBNL2A//SUM/0/0/0,00/0,00/
-
:20:P250303000098810
:25:NL87INGB0682431478EUR
:28C:61
:60F:C250301EUR0,00
:62F:C250302EUR0,00
:64:C250302EUR0,00
:86:/NAME/Unit4 Group Holding B.V.//BIC/INGBNL2A//SUM/0/0/0,00/0,00/
-
:20:P250304000205876
:25:NL87INGB0682431478EUR
:28C:62
:60F:C250302EUR0,00
:61:2503030303D68,00NTRFEREF//03034428105572
/TRCD/00100/
:86:/EREF/7813372285435300//CNTP/NL86INGB0002445588/INGBNL2A/Belastin
gdienst///REMI/USTD//MP VT-396/
:61:2503030303D171391,20NTRFPREF//03034428131298
/TRCD/00200/
:86:/PREF/VT--0002503032-ING478T-S-250303//REMI/USTD//TOTAAL 19 VZ/
:61:2503030303C171459,20NCMIPPM13201937//03044428300576
/TRCD/05001/
:86:/CNTP/NL40INGB0007041500//Unit4 Group Holding B.V.///REMI/USTD//P
OOL-M NL40INGB0007041500 POOL-S NL87INGB0682431478 PPM13201937 03
/03/2025/
:62F:C250303EUR0,00
:64:C250303EUR0,00
:86:/NAME/Unit4 Group Holding B.V.//BIC/INGBNL2A//SUM/2/1/171459,20/1
71459,20/
-
:20:P250305000318426
:25:NL87INGB0682431478EUR
:28C:63
:60F:C250303EUR0,00
:61:2503040304D54000,00NTRFEREF//03044429984741
/TRCD/00100/
:86:/EREF/Invoice C8994203-0008 - UNIT4//CNTP/BE22967148883747/TRWIBE
B1/Desana Network Limited///REMI/USTD//MP for vendor nr 100662 -
invoice nr. C8994203-0008/
:61:2503040304C54000,00NCMIPPM13209286//03054430357989
/TRCD/05001/
:86:/CNTP/NL40INGB0007041500//Unit4 Group Holding B.V.///REMI/USTD//P
OOL-M NL40INGB0007041500 POOL-S NL87INGB0682431478 PPM13209286 04
/03/2025/
:62F:C250304EUR0,00
:64:C250304EUR0,00
:86:/NAME/Unit4 Group Holding B.V.//BIC/INGBNL2A//SUM/1/1/54000,00/54
000,00/
-
:20:P250306000421700
:25:NL87INGB0682431478EUR
:28C:64
:60F:C250304EUR0,00
:61:2503050305C5538,40NTRF2C208EAE52B74071//03054431755426
/TRCD/00500/
:86:/CNTP//INGBNL2A/INTL FCSTONE LONDON///REMI/USTD//Trans.Reference:
 2C208EAE52B74071 ING-id: XX25030552669336 NL17INGB0050931504 INT
L FCSTONE LONDON SRVC00144-180225 RTN YR TRN REF XX25021851749456
 LESS CHRS DUE TO FOREIGN BANK COMPLIANCE/
:61:2503050305D5538,40NCMIPPS13216337//03064432362576
/TRCD/05001/
:86:/CNTP/NL40INGB0007041500//Unit4 Group Holding B.V.///REMI/USTD//P
OOL-M NL40INGB0007041500 POOL-S NL87INGB0682431478 PPS13216337 05
/03/2025/
:62F:C250305EUR0,00
:64:C250305EUR0,00
:86:/NAME/Unit4 Group Holding B.V.//BIC/INGBNL2A//SUM/1/1/5538,40/553
8,40/
-
:20:P250307000529304
:25:NL87INGB0682431478EUR
:28C:65
:60F:C250305EUR0,00
:61:2503060306C1,88NTRFEREF//03064432601302
/TRCD/00100/
:86:/EREF/102424R25518302.1143.6039621//CNTP/NL96INGB0009611671/INGBN
L2A/BeFrank PPI NV///REMI/USTD//102424 25518302 XX102424/25518302
XX NOTA 1 MRT 2025 102424-66 3364 DA Sliedrecht/
:61:2503060306D1,88NCMIPPS13223717//03074434376670
/TRCD/05001/
:86:/CNTP/NL40INGB0007041500//Unit4 Group Holding B.V.///REMI/USTD//P
OOL-M NL40INGB0007041500 POOL-S NL87INGB0682431478 PPS13223717 06
/03/2025/
:62F:C250306EUR0,00
:64:C250306EUR0,00
:86:/NAME/Unit4 Group Holding B.V.//BIC/INGBNL2A//SUM/1/1/1,88/1,88/
-
:20:P250308000643291
:25:NL87INGB0682431478EUR
:28C:66
:60F:C250306EUR0,00
:61:2503070307C767373,37NTRFFXN76931187//03074434623809
/TRCD/00500/
:86:/CNTP//INGBNL2A/ING Bank N.V. Internal LORO///REMI/USTD//Trans.Re
ference: FXN76931187 ING-id: XX25030752775498 NL53INGB0050912038
ING Bank N.V. Internal LORO FXFORWARD TRADE 76931187 WITH ING BAN
K N.V. AMSTERDAM ING BUYS AUD 1309000.00 EXCHANGE RATE 0.5862287/
:61:2503070307C1639733,00NTRFEREF//03074434623810
/TRCD/00100/
:86:/EREF/COAXX731704376202503041802108209393//CNTP/NL36INGB000344558
8/INGBNL2A/BELASTINGDIENST///REMI/USTD//TERUGGAAF NR. 813372288O3
54301 OB.4EKWART24 (UNIT4BUSINES)/
:61:2503070307D2000000,00NTRFEREF//03074436265016
/TRCD/00100/
:86:/EREF/HSBC Euro Liquidity Fund//CNTP/BE05515367846075/IRVTBEBB/BN
Y Mell///REMI/USTD//MP VT-400 MMF 125111/
:61:2503070307D11819,48NTRFEREF//03074436265017
/TRCD/00100/
:86:/EREF/Unit4 Group Holding B.V.//CNTP/DE14202208000080667834/SXPYD
EHH/NAVAN INC///REMI/USTD//MP S.100021 March2025Statement/
:61:2503070307D395286,89NCMIPPS13231169//03084436507781
/TRCD/05001/
:86:/CNTP/NL40INGB0007041500//Unit4 Group Holding B.V.///REMI/USTD//P
OOL-M NL40INGB0007041500 POOL-S NL87INGB0682431478 PPS13231169 07
/03/2025/
:62F:C250307EUR0,00
:64:C250307EUR0,00
:86:/NAME/Unit4 Group Holding B.V.//BIC/INGBNL2A//SUM/3/2/2407106,37/
2407106,37/
-
:20:P250309000688564
:25:NL87INGB0682431478EUR
:28C:67
:60F:C250307EUR0,00
:62F:C250308EUR0,00
:64:C250308EUR0,00
:86:/NAME/Unit4 Group Holding B.V.//BIC/INGBNL2A//SUM/0/0/0,00/0,00/
-
:20:P250310000711529
:25:NL87INGB0682431478EUR
:28C:68
:60F:C250308EUR0,00
:62F:C250309EUR0,00
:64:C250309EUR0,00
:86:/NAME/Unit4 Group Holding B.V.//BIC/INGBNL2A//SUM/0/0/0,00/0,00/
-
:20:P250311000832714
:25:NL87INGB0682431478EUR
:28C:69
:60F:C250309EUR0,00
:61:2503100310D2642,66NDDTEREF//03104438054053
/TRCD/01018/
:86:/EREF/E2E-ID-NL-226992726//MARF/MANDATE-NL-200478800-1//CSID/NL39
ZZZ243458990000//CNTP/NL85INGB0654416265/INGBNL2A/Transip B.V.///
REMI/USTD//FACTUUR F0000.2503.0004.6871/
:61:2503100310D48703,72NDDTEREF//03104438054054
/TRCD/01018/
:86:/EREF/7068800002221662025-03-10//MARF/80000019418000//CSID/NL92ZZ
Z330314310200//CNTP/NL47INGB0667841555/INGBNL2A/ING Commercial Ca
rds///REMI/USTD//7068 80000222166 2025-03-10 ING CORPORATE CARD/
:61:2503100310D2212656,85NTRFPREF//03104440311918
/TRCD/00200/
:86:/PREF/VT--0002503101-ING478T-S-250310//REMI/USTD//TOTAAL 18 VZ/
:61:2503100310D181307,00NTRFEREF//03104440311919
/TRCD/00100/
:86:/EREF/1862381316501020//CNTP/NL86INGB0002445588/INGBNL2A/Belastin
gdienst (Wage Tax)///REMI/USTD//MP VT-401/
:61:2503110310D34464,00NTRFVT--000250310100//03104440311920
/TRCD/00500/
:86:/CNTP/1499982858/BOFAUS3NXXX/GLOBALLOGIC INC./US 110 SAN JOSE//RE
MI/USTD//Trans.Reference: VT--000250310100 ING-id: XX250310529436
49 1499982858 GLOBALLOGIC INC. /US/110 SAN JOSE 110130848:1101316
36/
:61:2503110310D12,50NCHGVT--000250310100//03104440311921
/TRCD/09003/
:86:/REMI/USTD//Trans.Reference: VT--000250310100 ING-id: XX250310529
43649 Transfer provisie: EUR 12,50/
:61:2503100310C2445310,23NCMIPPM13241889//03114440469799
/TRCD/05001/
:86:/CNTP/NL40INGB0007041500//Unit4 Group Holding B.V.///REMI/USTD//P
OOL-M NL40INGB0007041500 POOL-S NL87INGB0682431478 PPM13241889 10
/03/2025/
:62F:D250310EUR34476,50
:64:C250310EUR0,00
:86:/NAME/Unit4 Group Holding B.V.//BIC/INGBNL2A//SUM/6/1/2479786,73/
2445310,23/
-
:20:P250312000954349
:25:NL87INGB0682431478EUR
:28C:70
:60F:D250310EUR34476,50
:61:2503110311C250000,00NTRF2025031131996637//03114440853405
/TRCD/00500/
:86:/CNTP/FI7633010001147461/ESSEFIHXXXX/UNIT4 OY/02130 ESPOO//REMI/U
STD//Trans.Reference: 2025031131996637 ING-id: XX25031152955137 F
I7633010001147461 UNIT4 OY 02130 ESPOO MF FROM S8 TO VT ING/
:61:2503110311D215523,50NCMIPPS13248763//03124442387655
/TRCD/05001/
:86:/CNTP/NL40INGB0007041500//Unit4 Group Holding B.V.///REMI/USTD//P
OOL-M NL40INGB0007041500 POOL-S NL87INGB0682431478 PPS13248763 11
/03/2025/
:62F:C250311EUR0,00
:64:C250311EUR0,00
:86:/NAME/Unit4 Group Holding B.V.//BIC/INGBNL2A//SUM/1/1/215523,50/2
50000,00/
-
:20:P250313001058642
:25:NL87INGB0682431478EUR
:28C:71
:60F:C250311EUR0,00
:61:2503120312D7040,71NTRFPREF//03124443419052
/TRCD/00200/
:86:/PREF/VT--0002503111-ING478T-S-250311//REMI/USTD//TOTAAL 3 VZ/
:61:2503120312D11355,40NTRFPREF//03124443919273
/TRCD/00200/
:86:/PREF/VT--0002503124-ING478T-S-250312//REMI/USTD//TOTAAL 1 VZ/
:61:2503120312D87614,84NTRFEREF//03124443919274
/TRCD/00100/
:86:/EREF/Unit4 EUINNL25-61993//CNTP/IE49BOFA99006157226015/BOFAIE3X/
Amazon Web Services EMEA SARL///REMI/USTD//MP VT-100200 EUINNL25-
61993/
:61:2503120312C106010,95NCMIPPM13255664//03134444235492
/TRCD/05001/
:86:/CNTP/NL40INGB0007041500//Unit4 Group Holding B.V.///REMI/USTD//P
OOL-M NL40INGB0007041500 POOL-S NL87INGB0682431478 PPM13255664 12
/03/2025/
:62F:C250312EUR0,00
:64:C250312EUR0,00
:86:/NAME/Unit4 Group Holding B.V.//BIC/INGBNL2A//SUM/3/1/106010,95/1
06010,95/
-
:20:P250314001167031
:25:NL87INGB0682431478EUR
:28C:72
:60F:C250312EUR0,00
:61:2503130313D68,00NTRFEREF//03134445786223
/TRCD/00100/
:86:/EREF/7813372285435300//CNTP/NL86INGB0002445588/INGBNL2A/Belastin
gdienst///REMI/USTD//MP VT-404 635200/
:61:2503130313C68,00NCMIPPM13262831//03144446124141
/TRCD/05001/
:86:/CNTP/NL40INGB0007041500//Unit4 Group Holding B.V.///REMI/USTD//P
OOL-M NL40INGB0007041500 POOL-S NL87INGB0682431478 PPM13262831 13
/03/2025/
:62F:C250313EUR0,00
:64:C250313EUR0,00
:86:/NAME/Unit4 Group Holding B.V.//BIC/INGBNL2A//SUM/1/1/68,00/68,00
/
-
:20:P250315001274754
:25:NL87INGB0682431478EUR
:28C:73
:60F:C250313EUR0,00
:61:2502130314C314,60NRTIEREF//03144446354768
/TRCD/01315/
:86:/RTRN/MD06//EREF/118547//MARF/944090//CSID/NL96ZZZ273620000000//C
NTP/NL10RABO0373122209/RABONL2U/Koninklijke PostNL B.V.///REMI/US
TD//68000490 1061-6964872/
:61:2503090314D314,60NCMIPPS13270183//03154448075629
/TRCD/05001/
:86:/CNTP/NL40INGB0007041500//Unit4 Group Holding B.V.///REMI/USTD//P
OOL-M NL40INGB0007041500 POOL-S NL87INGB0682431478 PPS13270183 09
/03/2025/
:62F:C250314EUR0,00
:64:C250314EUR0,00
:86:/NAME/Unit4 Group Holding B.V.//BIC/INGBNL2A//SUM/1/1/314,60/314,
60/
-
:20:P250316001315813
:25:NL87INGB0682431478EUR
:28C:74
:60F:C250314EUR0,00
:62F:C250315EUR0,00
:64:C250315EUR0,00
:86:/NAME/Unit4 Group Holding B.V.//BIC/INGBNL2A//SUM/0/0/0,00/0,00/
-
:20:P250317001344421
:25:NL87INGB0682431478EUR
:28C:75
:60F:C250315EUR0,00
:62F:C250316EUR0,00
:64:C250316EUR0,00
:86:/NAME/Unit4 Group Holding B.V.//BIC/INGBNL2A//SUM/0/0/0,00/0,00/
-
:20:P250318001457104
:25:NL87INGB0682431478EUR
:28C:76
:60F:C250316EUR0,00
:61:2503170317D54522,69NDDTEREF//03174449561263
/TRCD/01018/
:86:/EREF/7068800002103322025-03-17//MARF/80000018234000//CSID/NL92ZZ
Z330314310200//CNTP/NL47INGB0667841555/INGBNL2A/ING Commercial Ca
rds///REMI/USTD//7068 80000210332 2025-03-17 ING CORPORATE CARD/
:61:2503170317D78433,77NTRFPREF//03174451743803
/TRCD/00200/
:86:/PREF/VT--0025031710-ING478T-S-250317//REMI/USTD//TOTAAL 12 VZ/
:61:2503170317C132956,46NCMIPPM13281279//03184451848769
/TRCD/05001/
:86:/CNTP/NL40INGB0007041500//Unit4 Group Holding B.V.///REMI/USTD//P
OOL-M NL40INGB0007041500 POOL-S NL87INGB0682431478 PPM13281279 17
/03/2025/
:62F:C250317EUR0,00
:64:C250317EUR0,00
:86:/NAME/Unit4 Group Holding B.V.//BIC/INGBNL2A//SUM/2/1/132956,46/1
32956,46/
-
:20:P250319001565088
:25:NL87INGB0682431478EUR
:28C:77
:60F:C250317EUR0,00
:61:2503180318D11352,00NTRFVT--002503171000//03184452093340
/TRCD/00500/
:86:/CNTP/653826102/CHASUS33XXX/DEMAND WORKS MEDIA LLC/US 0611 CHICAG
O//REMI/USTD//Trans.Reference: VT--002503171000 ING-id: XX2503185
3407901 653826102 DEMAND WORKS MEDIA LLC /US/0611 CHICAGO 17380/
:61:2503180318D840,00NTRFVT--002503171000//03184452093341
/TRCD/00500/
:86:/CNTP/697839055/CHASUS33XXX/DEMAND SCIENCE US, LLC/US//REMI/USTD/
/Trans.Reference: VT--002503171000 ING-id: XX25031853407852 69783
9055 DEMAND SCIENCE US, LLC /US/ INV043779/
:61:2503180318D20550,00NTRFVT--002503171000//03184452093342
/TRCD/00500/
:86:/CNTP/697839055/CHASUS33XXX/DEMAND SCIENCE US, LLC/US//REMI/USTD/
/Trans.Reference: VT--002503171000 ING-id: XX25031853407835 69783
9055 DEMAND SCIENCE US, LLC /US/ INV043822:INV043899/
:61:2503180318D1150,96NTRFTFS2009176589569//03184452093343
/TRCD/00500/
:86:/CNTP///ING Trade Finance Services NL/Foppingadreef 7//REMI/USTD/
/ING - Trade Finance Services ING ref: NLNTFSBGI0067389 Uw ref: N
ONREF Per. 2024-12-18 t/m 2025-03-18 Bankgarantie provisie 2,4./
:61:2503180318D12,50NCHGVT--002503171000//03184452093344
/TRCD/09003/
:86:/REMI/USTD//Trans.Reference: VT--002503171000 ING-id: XX250318534
07901 Transfer provisie: EUR 12,50/
:61:2503180318D12,50NCHGVT--002503171000//03184452093345
/TRCD/09003/
:86:/REMI/USTD//Trans.Reference: VT--002503171000 ING-id: XX250318534
07852 Transfer provisie: EUR 12,50/
:61:2503180318D12,50NCHGVT--002503171000//03184452093346
/TRCD/09003/
:86:/REMI/USTD//Trans.Reference: VT--002503171000 ING-id: XX250318534
07835 Transfer provisie: EUR 12,50/
:61:2503180318C33930,46NCMIPPM13288179//03194453809525
/TRCD/05001/
:86:/CNTP/NL40INGB0007041500//Unit4 Group Holding B.V.///REMI/USTD//P
OOL-M NL40INGB0007041500 POOL-S NL87INGB0682431478 PPM13288179 18
/03/2025/
:62F:C250318EUR0,00
:64:C250318EUR0,00
:86:/NAME/Unit4 Group Holding B.V.//BIC/INGBNL2A//SUM/7/1/33930,46/33
930,46/
-
:20:P250320001657739
:25:NL87INGB0682431478EUR
:28C:78
:60F:C250318EUR0,00
:62F:C250319EUR0,00
:64:C250319EUR0,00
:86:/NAME/Unit4 Group Holding B.V.//BIC/INGBNL2A//SUM/0/0/0,00/0,00/
-
:20:P250321001763727
:25:NL87INGB0682431478EUR
:28C:79
:60F:C250319EUR0,00
:61:2503200320D331120,70NTRFPREF//03204455880618
/TRCD/00200/
:86:/PREF/R5UGAVXR67WDLK7BQ-1//REMI/USTD//TOTAAL 35 VZ/
:61:2503200320C37806,38NTRF3505721026//03204456030231
/TRCD/00500/
:86:/CNTP/368710001/CITIIE2XXXX/MICROSOFT IRELAND OPERATIONS LTD/2 DU
BLIN, DUBLIN//REMI/USTD//Trans.Reference: 3505721026 ING-id: XX25
032053559880 368710001 MICROSOFT IRELAND OPERATIONS LTD 2/DUBLIN,
 DUBLIN /NIDB/0002385508 INCENTIVE.CAMPGN..20250319.6236724 PAYRE
F: 68700625611062 PHON:0882471777/POP:INCENT.CAMPGN../
:61:2503200320C293314,32NCMIPPM13302421//03214457801482
/TRCD/05001/
:86:/CNTP/NL40INGB0007041500//Unit4 Group Holding B.V.///REMI/USTD//P
OOL-M NL40INGB0007041500 POOL-S NL87INGB0682431478 PPM13302421 20
/03/2025/
:62F:C250320EUR0,00
:64:C250320EUR0,00
:86:/NAME/Unit4 Group Holding B.V.//BIC/INGBNL2A//SUM/1/2/331120,70/3
31120,70/
-
:20:P250322001864977
:25:NL87INGB0682431478EUR
:28C:80
:60F:C250320EUR0,00
:61:2503210321C677773,70NTRFSXN77428378//03214458037847
/TRCD/00500/
:86:/CNTP//INGBNL2A/ING Bank N.V. Internal LORO///REMI/USTD//Trans.Re
ference: SXN77428378 ING-id: XX25032153636666 NL53INGB0050912038
ING Bank N.V. Internal LORO FX TRADE 77428378 WITH ING BANK N.V.
AMSTERDAM ING BUYS AUD 1165000.00 EXCHANGE RATE 0.58178/
:61:2503210321C119442,49NTRFEREF//03214459130298
/TRCD/00100/
:86:/EREF/220025031920061//CNTP/BE54363149948397/BBRUBEBB/CEGEKA NEDE
RLAND BV///REMI/USTD//20000000090/
:61:2503210321D19927,33NTRFEREF//03214459859550
/TRCD/00100/
:86:/EREF/Unit4 inv. PSI0048801//CNTP/GB95COUT18009110357890/COUTGB22
/Learnlight UK Limited///REMI/USTD//MP S. 100663/
:61:2503210321D777288,86NCMIPPS13309708//03224460027264
/TRCD/05001/
:86:/CNTP/NL40INGB0007041500//Unit4 Group Holding B.V.///REMI/USTD//P
OOL-M NL40INGB0007041500 POOL-S NL87INGB0682431478 PPS13309708 21
/03/2025/
:62F:C250321EUR0,00
:64:C250321EUR0,00
:86:/NAME/Unit4 Group Holding B.V.//BIC/INGBNL2A//SUM/2/2/797216,19/7
97216,19/
-
:20:P250323001900704
:25:NL87INGB0682431478EUR
:28C:81
:60F:C250321EUR0,00
:62F:C250322EUR0,00
:64:C250322EUR0,00
:86:/NAME/Unit4 Group Holding B.V.//BIC/INGBNL2A//SUM/0/0/0,00/0,00/
-
:20:P250324001927961
:25:NL87INGB0682431478EUR
:28C:82
:60F:C250322EUR0,00
:62F:C250323EUR0,00
:64:C250323EUR0,00
:86:/NAME/Unit4 Group Holding B.V.//BIC/INGBNL2A//SUM/0/0/0,00/0,00/
-
:20:P250325002034310
:25:NL87INGB0682431478EUR
:28C:83
:60F:C250323EUR0,00
:61:2503240324D12143,37NDDTEREF//03244461618940
/TRCD/01018/
:86:/EREF/JENT202503202492BC0010002//MARF/52146//CSID/NL42ZZZ56847726
0001//CNTP/NL20ABNA0527353795/ABNANL2A/J T AUTOLEASE BV///REMI/US
TD//Nr 779788,779789//PURP/OTHR/
:61:2503240324D200000,00NTRFEREF//03244461618941
/TRCD/00100/
:86:/EREF/Funding Payroll VT to T2//CNTP/DE67500210000010168417/INGBD
EFF/T2 - prevero GmbH///REMI/USTD//Funding Payroll VT to T2/
:61:2503240324D957080,00NTRFEREF//03244461618942
/TRCD/00100/
:86:/EREF/1270492509301120//CNTP/NL86INGB0002445588/INGBNL2A/Belastin
gdienst///REMI/USTD//MP VT-403 126000 Income tax asset/
:61:2503240324D300000,00NTRFEREF//03244461618943
/TRCD/00100/
:86:/EREF/MANUAL FUNGING CASH POLL//CNTP/FR7630438000083266403000015/
INGBFRPP/Unit4 France///REMI/USTD//k2 - MANUAL FUNGING CASH POLL
COUVER PAYROLL/
:61:2503240324C1469223,37NCMIPPM13320647//03254464474014
/TRCD/05001/
:86:/CNTP/NL40INGB0007041500//Unit4 Group Holding B.V.///REMI/USTD//P
OOL-M NL40INGB0007041500 POOL-S NL87INGB0682431478 PPM13320647 24
/03/2025/
:62F:C250324EUR0,00
:64:C250324EUR0,00
:86:/NAME/Unit4 Group Holding B.V.//BIC/INGBNL2A//SUM/4/1/1469223,37/
1469223,37/
-
:20:P250326002138728
:25:NL87INGB0682431478EUR
:28C:84
:60F:C250324EUR0,00
:61:2503250325D200000,00NTRFEREF//03254466322181
/TRCD/00100/
:86:/EREF/Funding VT to T5 - Payroll//CNTP/AT141936000454420925/INGBA
TWW/prevero Software GmbH EUR///REMI/USTD//Funding VT to T5 - Pay
roll/
:61:2503250325D307261,00NTRFEREF//03254466739256
/TRCD/00100/
:86:/EREF/6862381316501030//CNTP/NL86INGB0002445588/INGBNL2A/Belastin
gdienst///REMI/USTD//MP VT-408/
:61:2503250325C507261,00NCMIPPM13327980//03264467027321
/TRCD/05001/
:86:/CNTP/NL40INGB0007041500//Unit4 Group Holding B.V.///REMI/USTD//P
OOL-M NL40INGB0007041500 POOL-S NL87INGB0682431478 PPM13327980 25
/03/2025/
:62F:C250325EUR0,00
:64:C250325EUR0,00
:86:/NAME/Unit4 Group Holding B.V.//BIC/INGBNL2A//SUM/2/1/507261,00/5
07261,00/
-
:20:P250327002242331
:25:NL87INGB0682431478EUR
:28C:85
:60F:C250325EUR0,00
:61:2503260326D1583,82NCHGEREF//03264467312259
/TRCD/09001/
:86:/EREF/ad3e0981b9e646e1b30e495da83018f5//CNTP//INGBNL2A////REMI/US
TD//Kosten Zakelijk Betalingsverkeer Factuurnr. 2281776420 Betref
t IBAN: NL87INGB0682431478 Periode: 01-02-2025 / 28-02-2025/
:61:2503260326C3000000,00NTRFFRS26035G77SD6F9//03264467569081
/TRCD/00500/
:86:/CNTP/NL58HSBC0786448784/HSBCNL2AXXX/UNIT4 GROUP HOLDING B.V./336
4 DA SLIEDRECHT//REMI/USTD//Trans.Reference: FRS26035G77SD6F9 ING
 id: XX25032653880074 NL58HSBC0786448784 UNIT4 GROUP HOLDING B.V.
 3364 DA SLIEDRECHT MF HSBC TO ING VT/
:61:2503260326D800000,00NTRFEREF//03264468627123
/TRCD/00100/
:86:/EREF/manual funding VT to J1//CNTP/IE47INGB99024090029801/INGBIE
2DICM/Unit4 Business Software (Ireland) L///REMI/USTD//manual fun
ding VT to J1/
:61:2503260326D200000,00NTRFEREF//03264468803792
/TRCD/00100/
:86:/EREF/Funding VT to T5 - Taxes March//CNTP/AT141936000454420925/I
NGBATWW/T5 - prevero Software GmbH EUR 925///REMI/USTD//Funding V
T to T5 - Taxes March/
:61:2503260326D2202649,10NTRFPREF//03264469199610
/TRCD/00200/
:86:/PREF/VT--0002503241-ING478T-S-250324//REMI/USTD//TOTAAL 21 VZ/
:61:2503270326D227127,20NTRFVT--000250324100//03264469199611
/TRCD/00500/
:86:/CNTP/8016534967/BBFXUS6SXXX/BILLINGPLATFORM CORPORATION/US ENGLE
WOOD//REMI/USTD//Trans.Reference: VT--000250324100 ING-id: XX2503
2653934313 8016534967 BILLINGPLATFORM CORPORATION /US/ ENGLEWOOD
547709/
:61:2503270326D10000,00NTRFVT--000250324100//03264469199612
/TRCD/00500/
:86:/CNTP/AD7500031101124610710101/CRDAADAD/TVST CONSULTING S.L./AD D
400, ANDORRA//REMI/USTD//Trans.Reference: VT--000250324100 ING-id
  XX25032653934305 AD7500031101124610710101 TVST CONSULTING S.L.
/AD/D400, ANDORRA 02/25-VS/
:61:2503260326D11500,00NTRFVT--000250324100//03264469199613
/TRCD/00500/
:86:/CNTP/653826102/CHASUS33XXX/DEMAND WORKS MEDIA LLC/US 0611 CHICAG
O//REMI/USTD//Trans.Reference: VT--000250324100 ING-id: XX2503265
3934312 653826102 DEMAND WORKS MEDIA LLC /US/0611 CHICAGO 17436:1
7437/
:61:2503260326D17250,00NTRFVT--000250324100//03264469199614
/TRCD/00500/
:86:/CNTP/697839055/CHASUS33XXX/DEMAND SCIENCE US, LLC/US//REMI/USTD/
/Trans.Reference: VT--000250324100 ING-id: XX25032653934306 69783
9055 DEMAND SCIENCE US, LLC /US/ INV043802:INV044443/
:61:2503270326D38884,89NTRFVT--000250324100//03264469199615
/TRCD/00500/
:86:/CNTP/1416917109/BOFAUS3NXXX/6SENSE INSIGHTS, INC/US SAN FRANCISC
O//REMI/USTD//Trans.Reference: VT--000250324100 ING-id: XX2503265
3934310 1416917109 6SENSE INSIGHTS, INC /US/ SAN FRANCISCO CINV06
674COR/
:61:2503270326D12,50NCHGVT--000250324100//03264469199616
/TRCD/09003/
:86:/REMI/USTD//Trans.Reference: VT--000250324100 ING-id: XX250326539
34310 Transfer provisie: EUR 12,50/
:61:2503270326D12,50NCHGVT--000250324100//03264469199617
/TRCD/09003/
:86:/REMI/USTD//Trans.Reference: VT--000250324100 ING-id: XX250326539
34313 Transfer provisie: EUR 12,50/
:61:2503260326D12,50NCHGVT--000250324100//03264469199618
/TRCD/09003/
:86:/REMI/USTD//Trans.Reference: VT--000250324100 ING-id: XX250326539
34312 Transfer provisie: EUR 12,50/
:61:2503260326D12,50NCHGVT--000250324100//03264469199619
/TRCD/09003/
:86:/REMI/USTD//Trans.Reference: VT--000250324100 ING-id: XX250326539
34306 Transfer provisie: EUR 12,50/
:61:2503270326D12,50NCHGVT--000250324100//03264469199620
/TRCD/09003/
:86:/REMI/USTD//Trans.Reference: VT--000250324100 ING-id: XX250326539
34305 Transfer provisie: EUR 12,50/
:61:2503260326C233007,92NCMIPPM13336620//03274469468535
/TRCD/05001/
:86:/CNTP/NL40INGB0007041500//Unit4 Group Holding B.V.///REMI/USTD//P
OOL-M NL40INGB0007041500 POOL-S NL87INGB0682431478 PPM13336620 26
/03/2025/
:62F:D250326EUR276049,59
:64:C250326EUR0,00
:86:/NAME/Unit4 Group Holding B.V.//BIC/INGBNL2A//SUM/14/2/3509057,51
/3233007,92/
-
:20:P250328002347614
:25:NL87INGB0682431478EUR
:28C:86
:60F:D250326EUR276049,59
:61:2503270327D800000,00NTRFEREF//03274469719905
/TRCD/00100/
:86:/EREF/manual funding VT TO J1//CNTP/IE47INGB99024090029801/INGBIE
2DICM/Unit4 Business Software (Ireland) L///REMI/USTD//manual fun
ding VT TO J1/
:61:2503270327D200000,00NTRFEREF//03274469719906
/TRCD/00100/
:86:/EREF/MANUAL FUNGING CASH POOL//CNTP/ES2514659000120001731445/BBR
UESMX/UNIT4 BS South///REMI/USTD//V9 - MANUAL FUNGING CASH POLL C
OUVER PAYROLL/
:61:2503270327D900000,00NTRFEREF//03274469719907
/TRCD/00100/
:86:/EREF/MANUAL FUNDING CASH POOL//CNTP/ES4914659000120001807934/BBR
UESMX/UNIT4 RD Spain, s.l.///REMI/USTD//I8 MANUAL FUNDING CASH PO
OL COUVER PAYROLL/
:61:2503270327C3000000,00NTRFFRS27035EL7VN60W//03274469923902
/TRCD/00500/
:86:/CNTP/NL58HSBC0786448784/HSBCNL2AXXX/UNIT4 GROUP HOLDING B.V./336
4 DA SLIEDRECHT//REMI/USTD//Trans.Reference: FRS27035EL7VN60W ING
 id: XX25032753949207 NL58HSBC0786448784 UNIT4 GROUP HOLDING B.V.
 3364 DA SLIEDRECHT MF HSBC ING VT/
:61:2503270327D300000,00NTRFEREF//03274470050195
/TRCD/00150/
:86:/EREF/MF FROM VT TO G2//CNTP/PT50050000003110020035838/BBRUPTPL/U
NIT4 PORTUGAL UNIPESSOAL LDA ING///REMI/USTD//MF FROM VT TO G2/
:61:2503270327D300000,00NTRFEREF//03274470050196
/TRCD/00150/
:86:/EREF/MF FROM VT TO G2//CNTP/PT50050000003110020035838/BBRUPTPL/U
NIT4 PORTUGAL UNIPESSOAL LDA ING///REMI/USTD//MF FROM VT TO G2/
:61:2503270327C4537,59NTRFNONREF//03274470708426
/TRCD/00100/
:86:/CNTP/ES7330350009190090093652/CLPEES2M/GCON4 SPAIN,S.L.///REMI/U
STD//GCON4 SPAIN 7524024-7124419/
:61:2503270327C820000,00NTRFFRS27035JE7X2IWZ//03274471361024
/TRCD/00500/
:86:/CNTP/NL58HSBC0786448784/HSBCNL2AXXX/UNIT4 GROUP HOLDING B.V./336
4 DA SLIEDRECHT//REMI/USTD//Trans.Reference: FRS27035JE7X2IWZ ING
 id: XX25032753997188 NL58HSBC0786448784 UNIT4 GROUP HOLDING B.V.
 3364 DA SLIEDRECHT MF HSBC ING VT 129920/
:61:2503270327C28732,55NTRFEREF//03274471480592
/TRCD/00100/
:86:/EREF/220025032650087//CNTP/BE54363149948397/BBRUBEBB/CEGEKA NEDE
RLAND BV///REMI/USTD//20000000091/
:61:2503270327D1077220,55NCMIPPS13344590//03284471864459
/TRCD/05001/
:86:/CNTP/NL40INGB0007041500//Unit4 Group Holding B.V.///REMI/USTD//P
OOL-M NL40INGB0007041500 POOL-S NL87INGB0682431478 PPS13344590 27
/03/2025/
:62F:C250327EUR0,00
:64:C250327EUR0,00
:86:/NAME/Unit4 Group Holding B.V.//BIC/INGBNL2A//SUM/6/4/3577220,55/
3853270,14/
-
:20:P250329002456864
:25:NL87INGB0682431478EUR
:28C:87
:60F:C250327EUR0,00
:61:2503280328D37872,00NDDTEREF//03284472096507
/TRCD/01018/
:86:/EREF/102424C25520396.1153.6070453//MARF/102424-M003//CSID/NL62ZZ
Z504817700001//CNTP/NL96INGB0009611671/INGBNL2A/BeFrank PPI NV///
REMI/USTD//102424/25520396 XX102424/25520396XX VLP 1 APR 2025 102
424-65 3364 DA Sliedrecht/
:61:2503280328D400000,00NTRFEREF//03284472096508
/TRCD/00100/
:86:/EREF/manual funding VT TO J1//CNTP/IE47INGB99024090029801/INGBIE
2DICM/Unit4 Business Software (Ireland) L///REMI/USTD//manual fun
ding/
:61:2503280328D23867,57NTRFEREF//03284474097976
/TRCD/00100/
:86:/EREF/Unit4 invs 804496 , 804497//CNTP/NL24ABNA0476410002/ABNANL2
A/BVCM Collections BV///REMI/USTD//MP INV. 804496 , 804497/
:61:2503280328C461739,57NCMIPPM13352113//03294474401574
/TRCD/05001/
:86:/CNTP/NL40INGB0007041500//Unit4 Group Holding B.V.///REMI/USTD//P
OOL-M NL40INGB0007041500 POOL-S NL87INGB0682431478 PPM13352113 28
/03/2025/
:62F:C250328EUR0,00
:64:C250328EUR0,00
:86:/NAME/Unit4 Group Holding B.V.//BIC/INGBNL2A//SUM/3/1/461739,57/4
61739,57/
-
:20:P250330002511640
:25:NL87INGB0682431478EUR
:28C:88
:60F:C250328EUR0,00
:62F:C250329EUR0,00
:64:C250329EUR0,00
:86:/NAME/Unit4 Group Holding B.V.//BIC/INGBNL2A//SUM/0/0/0,00/0,00/
-
:20:P250331002537406
:25:NL87INGB0682431478EUR
:28C:89
:60F:C250329EUR0,00
:62F:C250330EUR0,00
:64:C250330EUR0,00
:86:/NAME/Unit4 Group Holding B.V.//BIC/INGBNL2A//SUM/0/0/0,00/0,00/
-
:20:P250401002640829
:25:NL87INGB0682431478EUR
:28C:90
:60F:C250330EUR0,00
:61:2503310331D800000,00NTRFEREF//03314476355614
/TRCD/00100/
:86:/EREF/manual funding//CNTP/IE47INGB99024090029801/INGBIE2DICM/Uni
t4 Business Software (Ireland) L///REMI/USTD//manual funding/
:61:2503310331C1131468,75NTRFCA7000954//03314476639522
/TRCD/00500/
:86:/CNTP/5014/MHCBGB2LXXX/MIZUHO BANK, LTD./LONDON//REMI/USTD//Trans
.Reference: CA7000954 ING-id: XX25032854070738 5014 MIZUHO BANK,
LTD. LONDON/
:61:2503310331D262017,62NTRFPREF//03314478979274
/TRCD/00200/
:86:/PREF/VT--0002503311-ING478T-S-250331//REMI/USTD//TOTAAL 13 VZ/
:61:2503310331D69451,13NCMIPPS13363733//04014479189993
/TRCD/05001/
:86:/CNTP/NL40INGB0007041500//Unit4 Group Holding B.V.///REMI/USTD//P
OOL-M NL40INGB0007041500 POOL-S NL87INGB0682431478 PPS13363733 31
/03/2025/
:62F:C250331EUR0,00
:64:C250331EUR0,00
:86:/NAME/Unit4 Group Holding B.V.//BIC/INGBNL2A//SUM/3/1/1131468,75/
1131468,75/
-
:20:P250402002749567
:25:NL87INGB0682431478EUR
:28C:91
:60F:C250331EUR0,00
:61:2504010401C434013,83NTRFFXN77801688//04014479409154
/TRCD/00500/
:86:/CNTP//INGBNL2A/ING Bank N.V. Internal LORO///REMI/USTD//Trans.Re
ference: FXN77801688 ING-id: XX25040154172786 NL53INGB0050912038
ING Bank N.V. Internal LORO FXFORWARD TRADE 77801688 WITH ING BAN
K N.V. AMSTERDAM ING BUYS AUD 750000.00 EXCHANGE RATE 0.5786851/
:61:2504010401D137,40NDDTEREF//04014479409155
/TRCD/01018/
:86:/EREF/SDD-5845491-53430889//MARF/700284071001//CSID/NL08ZZZ200733
050000//CNTP/NL19VOWA0460929070/VOWANL21XXX/VWPFS B.V.///REMI/UST
D//25VTA0038429/
:61:2504010401D800000,00NTRFEREF//04014479409156
/TRCD/00100/
:86:/EREF/MF from VT to J1//CNTP/IE47INGB99024090029801/INGBIE2DICM/U
nit4 BS Ltd Ireland///REMI/USTD//Manual Funding from VT to J1/
:61:2504010401C366123,57NCMIPPM13372606//04024481645581
/TRCD/05001/
:86:/CNTP/NL40INGB0007041500//Unit4 Group Holding B.V.///REMI/USTD//P
OOL-M NL40INGB0007041500 POOL-S NL87INGB0682431478 PPM13372606 01
/04/2025/
:62F:C250401EUR0,00
:64:C250401EUR0,00
:86:/NAME/Unit4 Group Holding B.V.//BIC/INGBNL2A//SUM/2/2/800137,40/8
00137,40/
-
:20:P250403002867864
:25:NL87INGB0682431478EUR
:28C:92
:60F:C250401EUR0,00
:61:2504020402C688467,20NTRFFXN77851090//04024481898576
/TRCD/00500/
:86:/CNTP//INGBNL2A/ING Bank N.V. Internal LORO///REMI/USTD//Trans.Re
ference: FXN77851090 ING-id: XX25040254263063 NL53INGB0050912038
ING Bank N.V. Internal LORO FXFORWARD TRADE 77851090 WITH ING BAN
K N.V. AMSTERDAM ING BUYS SGD 1000000.00 EXCHANGE RATE 0.6884672/
:61:2504020402D800000,00NTRFEREF//04024481898577
/TRCD/00100/
:86:/EREF/MF from VT to J1//CNTP/IE47INGB99024090029801/INGBIE2DICM/U
nit4 BS Ltd Ireland///REMI/USTD//Manual funding from VT to J1/
:61:2504020402C111532,80NCMIPPM13379937//04034483832398
/TRCD/05001/
:86:/CNTP/NL40INGB0007041500//Unit4 Group Holding B.V.///REMI/USTD//P
OOL-M NL40INGB0007041500 POOL-S NL87INGB0682431478 PPM13379937 02
/04/2025/
:62F:C250402EUR0,00
:64:C250402EUR0,00
:86:/NAME/Unit4 Group Holding B.V.//BIC/INGBNL2A//SUM/1/2/800000,00/8
00000,00/
-
:20:P250404002977505
:25:NL87INGB0682431478EUR
:28C:93
:60F:C250402EUR0,00
:61:2504030403C740000,00NTRFFRS03045G78IJUX6//04034484191111
/TRCD/00500/
:86:/CNTP/NL58HSBC0786448784/HSBCNL2AXXX/UNIT4 GROUP HOLDING B.V./336
4 DA SLIEDRECHT//REMI/USTD//Trans.Reference: FRS03045G78IJUX6 ING
 id: XX25040354340089 NL58HSBC0786448784 UNIT4 GROUP HOLDING B.V.
 3364 DA SLIEDRECHT MF HSBC ING VT 129920/
:61:2504030403D740000,00NCMIPPS13388041//04044485897295
/TRCD/05001/
:86:/CNTP/NL40INGB0007041500//Unit4 Group Holding B.V.///REMI/USTD//P
OOL-M NL40INGB0007041500 POOL-S NL87INGB0682431478 PPS13388041 03
/04/2025/
:62F:C250403EUR0,00
:64:C250403EUR0,00
:86:/NAME/Unit4 Group Holding B.V.//BIC/INGBNL2A//SUM/1/1/740000,00/7
40000,00/
-
:20:P250405003089909
:25:NL87INGB0682431478EUR
:28C:94
:60F:C250403EUR0,00
:61:2504040404D78926,50NTRFEREF//04044487670897
/TRCD/00100/
:86:/EREF/Unit4 inv. 181, 945//CNTP/IE49BOFA99006157226015/BOFAIE3X/A
MAZON WEB SERVICES EMEA SARL///REMI/USTD//MP S. 100200 INV. EUCNN
L25-945 EUINNL25-122181/
:61:2504040404C78926,50NCMIPPM13395305//04054487982664
/TRCD/05001/
:86:/CNTP/NL40INGB0007041500//Unit4 Group Holding B.V.///REMI/USTD//P
OOL-M NL40INGB0007041500 POOL-S NL87INGB0682431478 PPM13395305 04
/04/2025/
:62F:C250404EUR0,00
:64:C250404EUR0,00
:86:/NAME/Unit4 Group Holding B.V.//BIC/INGBNL2A//SUM/1/1/78926,50/78
926,50/
-
:20:P250406003130466
:25:NL87INGB0682431478EUR
:28C:95
:60F:C250404EUR0,00
:62F:C250405EUR0,00
:64:C250405EUR0,00
:86:/NAME/Unit4 Group Holding B.V.//BIC/INGBNL2A//SUM/0/0/0,00/0,00/
-
:20:P250407003160394
:25:NL87INGB0682431478EUR
:28C:96
:60F:C250405EUR0,00
:62F:C250406EUR0,00
:64:C250406EUR0,00
:86:/NAME/Unit4 Group Holding B.V.//BIC/INGBNL2A//SUM/0/0/0,00/0,00/
-
:20:P250408003280148
:25:NL87INGB0682431478EUR
:28C:97
:60F:C250406EUR0,00
:61:2504070407C5990,85NTRFEREF//04074489529992
/TRCD/00100/
:86:/EREF/102424R25522464.1157.6108939//CNTP/NL96INGB0009611671/INGBN
L2A/BeFrank PPI NV///REMI/USTD//102424 25522464 XX102424/25522464
XX NOTA 1 APR 2025 102424-68 3364 DA Sliedrecht/
:61:2504070407D422349,29NTRFPREF//04074491956362
/TRCD/00200/
:86:/PREF/VT--0025040710-ING478T-S-250407//REMI/USTD//TOTAAL 13 VZ/
:61:2504070407C416358,44NCMIPPM13406350//04084492043539
/TRCD/05001/
:86:/CNTP/NL40INGB0007041500//Unit4 Group Holding B.V.///REMI/USTD//P
OOL-M NL40INGB0007041500 POOL-S NL87INGB0682431478 PPM13406350 07
/04/2025/
:62F:C250407EUR0,00
:64:C250407EUR0,00
:86:/NAME/Unit4 Group Holding B.V.//BIC/INGBNL2A//SUM/1/2/422349,29/4
22349,29/
-
:20:P250409003385060
:25:NL87INGB0682431478EUR
:28C:98
:60F:C250407EUR0,00
:61:2504080408D17232,00NTRFVT--002504071000//04084492217408
/TRCD/00500/
:86:/CNTP/1499982858/BOFAUS3NXXX/GLOBALLOGIC INC./US 110 SAN JOSE//RE
MI/USTD//Trans.Reference: VT--002504071000 ING-id: XX250408545733
56 1499982858 GLOBALLOGIC INC. /US/110 SAN JOSE 110132923/
:61:2504080408D103319,34NTRFVT--002504071000//04084492217409
/TRCD/00500/
:86:/CNTP/8016534967/BBFXUS6SXXX/BILLINGPLATFORM CORPORATION/US ENGLE
WOOD//REMI/USTD//Trans.Reference: VT--002504071000 ING-id: XX2504
0854573196 8016534967 BILLINGPLATFORM CORPORATION /US/ ENGLEWOOD
547874/
:61:2504080408D12,50NCHGVT--002504071000//04084492217410
/TRCD/09003/
:86:/REMI/USTD//Trans.Reference: VT--002504071000 ING-id: XX250408545
73356 Transfer provisie: EUR 12,50/
:61:2504080408D12,50NCHGVT--002504071000//04084492217411
/TRCD/09003/
:86:/REMI/USTD//Trans.Reference: VT--002504071000 ING-id: XX250408545
73196 Transfer provisie: EUR 12,50/
:61:2504080408D1781,25NDDTEREF//04084492217412
/TRCD/01018/
:86:/EREF/E2E-ID-NL-227482023//MARF/MANDATE-NL-200478800-1//CSID/NL39
ZZZ243458990000//CNTP/NL85INGB0654416265/INGBNL2A/Transip B.V.///
REMI/USTD//FACTUUR F0000.2504.0004.7552/
:61:2504080408D11143,06NTRFPREF//04084493791711
/TRCD/00200/
:86:/PREF/VT--0002504082-ING478T-N-250408//REMI/USTD//TOTAAL 1 VZ/
:61:2504080408C7200,00NTRFNONREF//04094493976439
/TRCD/00112/
:86:/CNTP/NL07ABNA0571545386/ABNANL2A/H C J M SWART CJ///REMI/USTD//i
nvoice number1001, Charlotte Molenkamp schilderij rood, en gele b
loemen, 2 x schilderij/
:61:2504080408C126300,65NCMIPPM13413464//04094493993191
/TRCD/05001/
:86:/CNTP/NL40INGB0007041500//Unit4 Group Holding B.V.///REMI/USTD//P
OOL-M NL40INGB0007041500 POOL-S NL87INGB0682431478 PPM13413464 08
/04/2025/
:62F:C250408EUR0,00
:64:C250408EUR0,00
:86:/NAME/Unit4 Group Holding B.V.//BIC/INGBNL2A//SUM/6/2/133500,65/1
33500,65/
-
:20:P250410003499180
:25:NL87INGB0682431478EUR
:28C:99
:60F:C250408EUR0,00
:61:2504090409D907,50NTRFEREF//04094495711162
/TRCD/00100/
:86:/EREF/Unit4 inv 25345/2558//CNTP/NL30ABNA0419211128/ABNANL2A/Van
Luipen Legal///REMI/USTD//MP S. DUMMY/
:61:2504090409D2562,93NTRFEREF//04094495711163
/TRCD/00100/
:86:/EREF/Unit4 inv. 6143//CNTP/NL97INGB0007077916/INGBNL2A/Ontslagju
risten Nederland B.V.///REMI/USTD//MP S. DUMMY/
:61:2504090409C3470,43NCMIPPM13420457//04104495934667
/TRCD/05001/
:86:/CNTP/NL40INGB0007041500//Unit4 Group Holding B.V.///REMI/USTD//P
OOL-M NL40INGB0007041500 POOL-S NL87INGB0682431478 PPM13420457 09
/04/2025/
:62F:C250409EUR0,00
:64:C250409EUR0,00
:86:/NAME/Unit4 Group Holding B.V.//BIC/INGBNL2A//SUM/2/1/3470,43/347
0,43/
-
:20:P250411003637052
:25:NL87INGB0682431478EUR
:28C:100
:60F:C250409EUR0,00
:61:2504100410C282,24NTRF3507385880//04104496867233
/TRCD/00500/
:86:/CNTP/368710001/CITIIE2XXXX/MICROSOFT IRELAND OPERATIONS LTD/2 DU
BLIN, DUBLIN//REMI/USTD//Trans.Reference: 3507385880 ING-id: XX25
041054779323 368710001 MICROSOFT IRELAND OPERATIONS LTD 2/DUBLIN,
 DUBLIN /NIDB/0002385508 INCENTIVE.AZPALP..20250409.6236578 PAYRE
F: 68600664081062 PHON:0882471777/POP:INCENT.AZPALP../
:61:2504100410D6000,00NTRFEREF//04104497816046
/TRCD/00100/
:86:/EREF/Unit4 inv. 534,282//CNTP/NL17RABO0366113348/RABONL2U/Hotel
Schiphol///REMI/USTD//MP S. 170425/
:61:2504100410D183305,89NTRFEREF//04104497816047
/TRCD/00100/
:86:/EREF/Unit4 Payment of Management Equity//CNTP/LU1500303459649600
00/BGLLLULL/BGL BNP PARIBAS///REMI/USTD//MP VT-415 MEIP 115300/
:61:2504100410C189023,65NCMIPPM13427736//04114498006901
/TRCD/05001/
:86:/CNTP/NL40INGB0007041500//Unit4 Group Holding B.V.///REMI/USTD//P
OOL-M NL40INGB0007041500 POOL-S NL87INGB0682431478 PPM13427736 10
/04/2025/
:62F:C250410EUR0,00
:64:C250410EUR0,00
:86:/NAME/Unit4 Group Holding B.V.//BIC/INGBNL2A//SUM/2/2/189305,89/1
89305,89/
-
:20:P250412003751605
:25:NL87INGB0682431478EUR
:28C:101
:60F:C250410EUR0,00
:61:2504110411D1058,75NTRFEREF//04114499736134
/TRCD/00100/
:86:/EREF/Unit4 inv. 25700098//CNTP/NL92TRIO0788944002/TRIONL2U/Speak
ers for Good///REMI/USTD//MP VT-417/
:61:2504110411D607,50NTRFEREF//04114499736135
/TRCD/00100/
:86:/EREF/Unit4 4202519451//CNTP/NL05ABNA0620768363/ABNANL2A/Kunstvei
ling.nl BV///REMI/USTD//MP VT-416 DUMMY ACCOUNT/
:61:2504110411D2868,91NTRFEREF//04114499736136
/TRCD/00100/
:86:/EREF/Unit4 inv. 2025139//CNTP/NL05INGB0007010120/INGBNL2A/Wettin
g . de Roode Advocaten///REMI/USTD//MP VT-418 DUMMY ACCOUNT/
:61:2504110411C4535,16NCMIPPM13434973//04124500040415
/TRCD/05001/
:86:/CNTP/NL40INGB0007041500//Unit4 Group Holding B.V.///REMI/USTD//P
OOL-M NL40INGB0007041500 POOL-S NL87INGB0682431478 PPM13434973 11
/04/2025/
:62F:C250411EUR0,00
:64:C250411EUR0,00
:86:/NAME/Unit4 Group Holding B.V.//BIC/INGBNL2A//SUM/3/1/4535,16/453
5,16/
-
:20:P250413003795996
:25:NL87INGB0682431478EUR
:28C:102
:60F:C250411EUR0,00
:62F:C250412EUR0,00
:64:C250412EUR0,00
:86:/NAME/Unit4 Group Holding B.V.//BIC/INGBNL2A//SUM/0/0/0,00/0,00/
-
:20:P250414003826869
:25:NL87INGB0682431478EUR
:28C:103
:60F:C250412EUR0,00
:62F:C250413EUR0,00
:64:C250413EUR0,00
:86:/NAME/Unit4 Group Holding B.V.//BIC/INGBNL2A//SUM/0/0/0,00/0,00/
-
:20:P250415003947132
:25:NL87INGB0682431478EUR
:28C:104
:60F:C250413EUR0,00
:61:2504140414D43288,97NDDTEREF//04144501555853
/TRCD/01018/
:86:/EREF/7068800002221662025-04-14//MARF/80000019418000//CSID/NL92ZZ
Z330314310200//CNTP/NL47INGB0667841555/INGBNL2A/ING Commercial Ca
rds///REMI/USTD//7068 80000222166 2025-04-14 ING CORPORATE CARD/
:61:2504140414D256445,92NTRFPREF//04144503822897
/TRCD/00200/
:86:/PREF/VT--0025041415-ING478T-S-250414//REMI/USTD//TOTAAL 16 VZ/
:61:2504140414D1840082,02NTRFPREF//04144503822898
/TRCD/00200/
:86:/PREF/VT--0025041420-ING478T-S-250414//REMI/USTD//TOTAAL 1 VZ/
:61:2504140414C2139816,91NCMIPPM13445455//04154503934008
/TRCD/05001/
:86:/CNTP/NL40INGB0007041500//Unit4 Group Holding B.V.///REMI/USTD//P
OOL-M NL40INGB0007041500 POOL-S NL87INGB0682431478 PPM13445455 14
/04/2025/
:62F:C250414EUR0,00
:64:C250414EUR0,00
:86:/NAME/Unit4 Group Holding B.V.//BIC/INGBNL2A//SUM/3/1/2139816,91/
2139816,91/
-
:20:P250416004079640
:25:NL87INGB0682431478EUR
:28C:105
:60F:C250414EUR0,00
:61:2504150415D6500,00NTRFVT--002504141500//04154504159642
/TRCD/00500/
:86:/CNTP/653826102/CHASUS33XXX/DEMAND WORKS MEDIA LLC/US 0611 CHICAG
O//REMI/USTD//Trans.Reference: VT--002504141500 ING-id: XX2504155
5024177 653826102 DEMAND WORKS MEDIA LLC /US/0611 CHICAGO 17511/
:61:2504150415D12,50NCHGVT--002504141500//04154504159643
/TRCD/09003/
:86:/REMI/USTD//Trans.Reference: VT--002504141500 ING-id: XX250415550
24177 Transfer provisie: EUR 12,50/
:61:2504150415C8918,70NTRFNONREF//04154505572101
/TRCD/00112/
:86:/CNTP/NL89RABO0391606271/RABONL2U/Grant Thornton Acc. en Adviseur
s BV///REMI/USTD//Teveel betaald fact. 3025000851, deb. 5742662/
:61:2504150415D957080,00NTRFEREF//04154505678174
/TRCD/00100/
:86:/EREF/1270492509301120//CNTP/NL86INGB0002445588/INGBNL2A/Belastin
gdienst///REMI/USTD//MP VT-420 Income tax asset/
:61:2504150415C954673,80NCMIPPM13452712//04164505990929
/TRCD/05001/
:86:/CNTP/NL40INGB0007041500//Unit4 Group Holding B.V.///REMI/USTD//P
OOL-M NL40INGB0007041500 POOL-S NL87INGB0682431478 PPM13452712 15
/04/2025/
:62F:C250415EUR0,00
:64:C250415EUR0,00
:86:/NAME/Unit4 Group Holding B.V.//BIC/INGBNL2A//SUM/3/2/963592,50/9
63592,50/
-
:20:P250417004206013
:25:NL87INGB0682431478EUR
:28C:106
:60F:C250415EUR0,00
:61:2504160416D227045,31NTRFPREF//04164506236220
/TRCD/00200/
:86:/PREF/83QW108ZRJJH6V7HP-1//REMI/USTD//TOTAAL 34 VZ/
:61:2504160416D500000,00NTRFEREF//04164506236221
/TRCD/00100/
:86:/EREF/Manual Funding from VT to G2//CNTP/PT5005000000311002003583
8/BBRUPTPL/UNIT4 Portugal Unipessoal LDA ING///REMI/USTD//Manual
Funding from VT to G2 - MF FROM VT TO G2/
:61:2504160416C727045,31NCMIPPM13459907//04174508066917
/TRCD/05001/
:86:/CNTP/NL40INGB0007041500//Unit4 Group Holding B.V.///REMI/USTD//P
OOL-M NL40INGB0007041500 POOL-S NL87INGB0682431478 PPM13459907 16
/04/2025/
:62F:C250416EUR0,00
:64:C250416EUR0,00
:86:/NAME/Unit4 Group Holding B.V.//BIC/INGBNL2A//SUM/2/1/727045,31/7
27045,31/
-
:20:P250418004343986
:25:NL87INGB0682431478EUR
:28C:107
:60F:C250416EUR0,00
:61:2504170417D500000,00NTRFEREF//04174509762502
/TRCD/00150/
:86:/EREF/MF FROM VT TO G2//CNTP/PT50050000003110020035838/BBRUPTPL/U
NIT4 PORTUGAL UNIPESSOAL LDA ING///REMI/USTD//MF FROM VT TO G2 -
TAX PAYMENTS/
:61:2504170417D198363,00NTRF2862381316501040//04174509762503
/TRCD/00100/
:86:/EREF/862381319L01//CNTP/NL86INGB0002445588/INGBNL2A/Belastingdie
nst (Wage Tax)///REMI/STRD/CUR/2862381316501040/
:61:2504170417C698363,00NCMIPPM13467306//04184510153291
/TRCD/05001/
:86:/CNTP/NL40INGB0007041500//Unit4 Group Holding B.V.///REMI/USTD//P
OOL-M NL40INGB0007041500 POOL-S NL87INGB0682431478 PPM13467306 17
/04/2025/
:62F:C250417EUR0,00
:64:C250417EUR0,00
:86:/NAME/Unit4 Group Holding B.V.//BIC/INGBNL2A//SUM/2/1/698363,00/6
98363,00/
-
:20:P250419004385548
:25:NL87INGB0682431478EUR
:28C:108
:60F:C250417EUR0,00
:61:2504180418D500000,00NTRFEREF//04184510331155
/TRCD/00100/
:86:/EREF/MF FROM VT TO G2 - TAX PAYMENTS//CNTP/PT5005000000311002003
5838/BBRUPTPL/UNIT4 Portugal Unipessoal LDA ING///REMI/USTD//MF F
ROM VT TO G2 - TAX PAYMENTS/
:61:2504180418C500000,00NCMIPPM13470763//04194511104927
/TRCD/05001/
:86:/CNTP/NL40INGB0007041500//Unit4 Group Holding B.V.///REMI/USTD//P
OOL-M NL40INGB0007041500 POOL-S NL87INGB0682431478 PPM13470763 18
/04/2025/
:62F:C250418EUR0,00
:64:C250418EUR0,00
:86:/NAME/Unit4 Group Holding B.V.//BIC/INGBNL2A//SUM/1/1/500000,00/5
00000,00/
-
:20:P250420004419587
:25:NL87INGB0682431478EUR
:28C:109
:60F:C250418EUR0,00
:62F:C250419EUR0,00
:64:C250419EUR0,00
:86:/NAME/Unit4 Group Holding B.V.//BIC/INGBNL2A//SUM/0/0/0,00/0,00/
-
:20:P250421004447962
:25:NL87INGB0682431478EUR
:28C:110
:60F:C250419EUR0,00
:62F:C250420EUR0,00
:64:C250420EUR0,00
:86:/NAME/Unit4 Group Holding B.V.//BIC/INGBNL2A//SUM/0/0/0,00/0,00/
-
:20:P250422004478848
:25:NL87INGB0682431478EUR
:28C:111
:60F:C250420EUR0,00
:61:2504210421D959187,19NTRFPREF//04214512788379
/TRCD/00200/
:86:/PREF/VT--0002504217-ING478T-S-250421//REMI/USTD//TOTAAL 14 VZ/
:61:2504210421C959187,19NCMIPPM13475731//04224512853987
/TRCD/05001/
:86:/CNTP/NL40INGB0007041500//Unit4 Group Holding B.V.///REMI/USTD//P
OOL-M NL40INGB0007041500 POOL-S NL87INGB0682431478 PPM13475731 21
/04/2025/
:62F:C250421EUR0,00
:64:C250421EUR0,00
:86:/NAME/Unit4 Group Holding B.V.//BIC/INGBNL2A//SUM/1/1/959187,19/9
59187,19/
-
:20:P250423004605153
:25:NL87INGB0682431478EUR
:28C:112
:60F:C250421EUR0,00
:61:2504220422D56718,89NDDTEREF//04224513085000
/TRCD/01018/
:86:/EREF/7068800002103322025-04-22//MARF/80000018234000//CSID/NL92ZZ
Z330314310200//CNTP/NL47INGB0667841555/INGBNL2A/ING Commercial Ca
rds///REMI/USTD//7068 80000210332 2025-04-22 ING CORPORATE CARD/
:61:2504220422C1159521,40NTRFFXN78574301//04224513085001
/TRCD/00500/
:86:/CNTP//INGBNL2A/ING Bank N.V. Internal LORO///REMI/USTD//Trans.Re
ference: FXN78574301 ING-id: XX25042255309937 NL53INGB0050912038
ING Bank N.V. Internal LORO FXFORWARD TRADE 78574301 WITH ING BAN
K N.V. AMSTERDAM ING BUYS GBP 1000000.00 EXCHANGE RATE 1.1595214/
:61:2504220422C1971,30NTRFNONREF//04224515871985
/TRCD/00112/
:86:/CNTP/NL89RABO0391606271/RABONL2U/Grant Thornton Acc. en Adviseur
s BV///REMI/USTD//Creditnota 3025000851/
:61:2504220422C1900000,00NTRFNONREF//04224516044215
/TRCD/00100/
:86:/CNTP/PL95105000861000009031520084/INGBPLPW/UNIT4 POLSKA SPOLKA Z
 OGRANICZONA ODPOWIEDZIALNOS+///REMI/USTD//Reversed manual fundin
g/
:61:2504220422D3004773,81NCMIPPS13483444//04234516601290
/TRCD/05001/
:86:/CNTP/NL40INGB0007041500//Unit4 Group Holding B.V.///REMI/USTD//P
OOL-M NL40INGB0007041500 POOL-S NL87INGB0682431478 PPS13483444 22
/04/2025/
:62F:C250422EUR0,00
:64:C250422EUR0,00
:86:/NAME/Unit4 Group Holding B.V.//BIC/INGBNL2A//SUM/2/3/3061492,70/
3061492,70/
-
:20:P250424004724584
:25:NL87INGB0682431478EUR
:28C:113
:60F:C250422EUR0,00
:61:2504230423D10026,89NDDTEREF//04234516867064
/TRCD/01018/
:86:/EREF/JENT202504172508BC0010003//MARF/52146//CSID/NL42ZZZ56847726
0001//CNTP/NL20ABNA0527353795/ABNANL2A/J T AUTOLEASE BV///REMI/US
TD//Nr 782964,782965//PURP/OTHR/
:61:2504230423C1000000,00NTRFFRS23045G7ACE8UJ//04234517013934
/TRCD/00500/
:86:/CNTP/NL58HSBC0786448784/HSBCNL2AXXX/UNIT4 GROUP HOLDING B.V./336
4 DA SLIEDRECHT//REMI/USTD//Trans.Reference: FRS23045G7ACE8UJ ING
 id: XX25042355454564 NL58HSBC0786448784 UNIT4 GROUP HOLDING B.V.
 3364 DA SLIEDRECHT MF HSBC ING VT 129920/
:61:2504230423D267910,80NTRFFXN78655501//04234518007985
/TRCD/00500/
:86:/CNTP//INGBNL2A/ING BANK N.V. BASE ENTITY U0493 FM SSC LONDON///R
EMI/USTD//Trans.Reference: FXN78655501 ING-id: XX25042355484294 N
L53INGB0050912038 ING BANK N.V. BASE ENTITY U0493 FM FXFORWARD TR
ADE 78655501 WITH ING BANK N.V. AMSTERDAM ING SELLS DKK 2000000.0
0 EXCHANGE RATE 0.1339554/
:61:2504230423D1058,75NTRFEREF//04234518902458
/TRCD/00100/
:86:/EREF/Unit4 invoice number 25700099//CNTP/NL92TRIO0788944002/TRIO
NL2U/Environmental ERG///REMI/USTD//MP VT-422 Dummy Account/
:61:2504240423D92976,00NTRFVT--000250423100//04234518902459
/TRCD/00500/
:86:/CNTP/IL450110100000163948285/IDBLILITXXX/DEALHUB LTD///REMI/USTD
//Trans.Reference: VT--000250423100 ING-id: XX25042355510100 IL45
0110100000163948285 DEALHUB LTD 15900390202/
:61:2504240423D12,50NCHGVT--000250423100//04234518902460
/TRCD/09003/
:86:/REMI/USTD//Trans.Reference: VT--000250423100 ING-id: XX250423555
10100 Transfer provisie: EUR 12,50/
:61:2504230423D721003,56NCMIPPS13490919//04244519096587
/TRCD/05001/
:86:/CNTP/NL40INGB0007041500//Unit4 Group Holding B.V.///REMI/USTD//P
OOL-M NL40INGB0007041500 POOL-S NL87INGB0682431478 PPS13490919 23
/04/2025/
:62F:D250423EUR92988,50
:64:C250423EUR0,00
:86:/NAME/Unit4 Group Holding B.V.//BIC/INGBNL2A//SUM/6/1/1092988,50/
1000000,00/
-
:20:P250425004844711
:25:NL87INGB0682431478EUR
:28C:114
:60F:D250423EUR92988,50
:61:2504240424C92988,50NCMIPPM13498608//04254521602780
/TRCD/05001/
:86:/CNTP/NL40INGB0007041500//Unit4 Group Holding B.V.///REMI/USTD//P
OOL-M NL40INGB0007041500 POOL-S NL87INGB0682431478 PPM13498608 24
/04/2025/
:62F:C250424EUR0,00
:64:C250424EUR0,00
:86:/NAME/Unit4 Group Holding B.V.//BIC/INGBNL2A//SUM/0/1/0,00/92988,
50/
-
:20:P250426004965955
:25:NL87INGB0682431478EUR
:28C:115
:60F:C250424EUR0,00
:61:2504250425D36514,33NDDTEREF//04254521850101
/TRCD/01018/
:86:/EREF/102424C25524580.1165.6141464//MARF/102424-M003//CSID/NL62ZZ
Z504817700001//CNTP/NL96INGB0009611671/INGBNL2A/BeFrank PPI NV///
REMI/USTD//102424/25524580 XX102424/25524580XX VLP 1 MEI 2025 102
424-67 3364 DA Sliedrecht/
:61:2504250425C36514,33NCMIPPM13506326//04264524403853
/TRCD/05001/
:86:/CNTP/NL40INGB0007041500//Unit4 Group Holding B.V.///REMI/USTD//P
OOL-M NL40INGB0007041500 POOL-S NL87INGB0682431478 PPM13506326 25
/04/2025/
:62F:C250425EUR0,00
:64:C250425EUR0,00
:86:/NAME/Unit4 Group Holding B.V.//BIC/INGBNL2A//SUM/1/1/36514,33/36
514,33/
-
:20:P250427005010447
:25:NL87INGB0682431478EUR
:28C:116
:60F:C250425EUR0,00
:61:2504260426D1629,40NCHGEREF//04264524564748
/TRCD/09001/
:86:/EREF/73b31ced35394a629bef2380c597bcc7//CNTP//INGBNL2A////REMI/US
TD//Kosten Zakelijk Betalingsverkeer Factuurnr. 2290068196 Betref
t IBAN: NL87INGB0682431478 Periode: 01-03-2025 / 31-03-2025/
:61:2504260426C1629,40NCMIPPM13510887//04274525608355
/TRCD/05001/
:86:/CNTP/NL40INGB0007041500//Unit4 Group Holding B.V.///REMI/USTD//P
OOL-M NL40INGB0007041500 POOL-S NL87INGB0682431478 PPM13510887 26
/04/2025/
:62F:C250426EUR0,00
:64:C250426EUR0,00
:86:/NAME/Unit4 Group Holding B.V.//BIC/INGBNL2A//SUM/1/1/1629,40/162
9,40/
-
:20:P250428005039212
:25:NL87INGB0682431478EUR
:28C:117
:60F:C250426EUR0,00
:62F:C250427EUR0,00
:64:C250427EUR0,00
:86:/NAME/Unit4 Group Holding B.V.//BIC/INGBNL2A//SUM/0/0/0,00/0,00/
-
:20:P250429005143258
:25:NL87INGB0682431478EUR
:28C:118
:60F:C250427EUR0,00
:61:2504280428D100000,00NTRFEREF//04284526526823
/TRCD/00100/
:86:/EREF/Funding Payroll VT to V9//CNTP/ES2514659000120001731445/BBR
UESMX/Unit4 Business Software South slu///REMI/USTD//Funding Payr
oll VT to V9/
:61:2504280428C280287,95NTRFFXN78703222//04284526526824
/TRCD/00500/
:86:/CNTP//INGBNL2A/ING Bank N.V. Internal LORO///REMI/USTD//Trans.Re
ference: FXN78703222 ING-id: XX25042855669784 NL53INGB0050912038
ING Bank N.V. Internal LORO FXFORWARD TRADE 78703222 WITH ING BAN
K N.V. AMSTERDAM ING BUYS AUD 500000.00 EXCHANGE RATE 0.5605759/
:61:2504280428D200000,00NTRFEREF//04284526526825
/TRCD/00100/
:86:/EREF/Funding Payroll VT to I8//CNTP/ES8301680001820001807934/BBR
UESMX/UNIT4 RD Spain S.L.///REMI/USTD//Funding Payroll VT to I8/
:61:2504280428C200000,00NTRF2025042832067493//04284526735283
/TRCD/00500/
:86:/CNTP/FI7633010001147461/ESSEFIHXXXX/UNIT4 OY/02130 ESPOO//REMI/U
STD//Trans.Reference: 2025042832067493 ING-id: XX25042855680244 F
I7633010001147461 UNIT4 OY 02130 ESPOO MANUAL FUNDING FROM VT TO
S8/
:61:2504280428D180287,95NCMIPPS13521459//04294529667581
/TRCD/05001/
:86:/CNTP/NL40INGB0007041500//Unit4 Group Holding B.V.///REMI/USTD//P
OOL-M NL40INGB0007041500 POOL-S NL87INGB0682431478 PPS13521459 28
/04/2025/
:62F:C250428EUR0,00
:64:C250428EUR0,00
:86:/NAME/Unit4 Group Holding B.V.//BIC/INGBNL2A//SUM/3/2/480287,95/4
80287,95/
-
:20:P250430005253662
:25:NL87INGB0682431478EUR
:28C:119
:60F:C250428EUR0,00
:61:2504290429D207742,87NTRFPREF//04294531681045
/TRCD/00200/
:86:/PREF/VT--0002504298-ING478T-S-250429//REMI/USTD//TOTAAL 23 VZ/
:61:2504290429D10000,00NTRFVT--000250429800//04294531681046
/TRCD/00500/
:86:/CNTP/AD7500031101124610710101/CRDAADAD/TVST CONSULTING S.L./AD D
400, ANDORRA//REMI/USTD//Trans.Reference: VT--000250429800 ING-id
  XX25042955807518 AD7500031101124610710101 TVST CONSULTING S.L.
/AD/D400, ANDORRA 03/25-VS/
:61:2504290429D5730,00NTRFVT--000250429800//04294531681047
/TRCD/00500/
:86:/CNTP/697839055/CHASUS33XXX/DEMAND SCIENCE US, LLC/US//REMI/USTD/
/Trans.Reference: VT--000250429800 ING-id: XX25042955807516 69783
9055 DEMAND SCIENCE US, LLC /US/ INV044939/
:61:2504290429D12,50NCHGVT--000250429800//04294531681048
/TRCD/09003/
:86:/REMI/USTD//Trans.Reference: VT--000250429800 ING-id: XX250429558
07518 Transfer provisie: EUR 12,50/
:61:2504290429D12,50NCHGVT--000250429800//04294531681049
/TRCD/09003/
:86:/REMI/USTD//Trans.Reference: VT--000250429800 ING-id: XX250429558
07516 Transfer provisie: EUR 12,50/
:61:2504290429C223497,87NCMIPPM13528985//04304532005282
/TRCD/05001/
:86:/CNTP/NL40INGB0007041500//Unit4 Group Holding B.V.///REMI/USTD//P
OOL-M NL40INGB0007041500 POOL-S NL87INGB0682431478 PPM13528985 29
/04/2025/
:62F:C250429EUR0,00
:64:C250429EUR0,00
:86:/NAME/Unit4 Group Holding B.V.//BIC/INGBNL2A//SUM/5/1/223497,87/2
23497,87/
-
:20:P250501005376316
:25:NL87INGB0682431478EUR
:28C:120
:60F:C250429EUR0,00
:61:2504300430D557,50NTRFTFS2009320484828//04304532394975
/TRCD/00500/
:86:/CNTP///ING Trade Finance Services NL/Foppingadreef 7//REMI/USTD/
/ING - Trade Finance Services ING ref: NLNTFSBGI0061269 Uw ref: B
G1236601903 Per. 2025-01-30 t/m 2025-04-30 Bankgarantie provisie
1,9./
:61:2504300430D30096,00NTRFEREF//04304534573716
/TRCD/00100/
:86:/EREF/Unit4 inv. INV-UK-3446//CNTP/GB85CHAS60924276964046/CHASGB2
L/USERTESTING TECHNOLOGIES LIMITED///REMI/USTD//MP S. 100330/
:61:2504300430D13848,89NTRFEREF//04304534573717
/TRCD/00100/
:86:/EREF/Unit4 inv. 805814//CNTP/NL17ABNA0624668517/ABNANL2A/bvcm///
REMI/USTD//MP S. 100642/
:61:2504300430C44502,39NCMIPPM13536856//05014534738544
/TRCD/05001/
:86:/CNTP/NL40INGB0007041500//Unit4 Group Holding B.V.///REMI/USTD//P
OOL-M NL40INGB0007041500 POOL-S NL87INGB0682431478 PPM13536856 30
/04/2025/
:62F:C250430EUR0,00
:64:C250430EUR0,00
:86:/NAME/Unit4 Group Holding B.V.//BIC/INGBNL2A//SUM/3/1/44502,39/44
502,39/
-
:20:P250502005423131
:25:NL87INGB0682431478EUR
:28C:121
:60F:C250430EUR0,00
:61:2505010501D178,72NTRFTFS2009325581982//05014534902496
/TRCD/00500/
:86:/CNTP///ING Trade Finance Services NL/Foppingadreef 7//REMI/USTD/
/ING - Trade Finance Services ING ref: NLNTFSBGI0058526 Uw ref: B
G1236413649 Per. 2025-02-01 t/m 2025-05-01 Bankgarantie provisie
1,5./
:61:2505010501C178,72NCMIPPM13540417//05024535794857
/TRCD/05001/
:86:/CNTP/NL40INGB0007041500//Unit4 Group Holding B.V.///REMI/USTD//P
OOL-M NL40INGB0007041500 POOL-S NL87INGB0682431478 PPM13540417 01
/05/2025/
:62F:C250501EUR0,00
:64:C250501EUR0,00
:86:/NAME/Unit4 Group Holding B.V.//BIC/INGBNL2A//SUM/1/1/178,72/178,
72/
-
:20:P250503005543648
:25:NL87INGB0682431478EUR
:28C:122
:60F:C250501EUR0,00
:61:2505020502D137,40NDDTEREF//05024536035190
/TRCD/01018/
:86:/EREF/SDD-6028822-54654090//MARF/700284071001//CSID/NL08ZZZ200733
050000//CNTP/NL19VOWA0460929070/VOWANL21XXX/VWPFS B.V.///REMI/UST
D//25VTA0062416/
:61:2505020502C137,40NCMIPPM13548686//05034538679869
/TRCD/05001/
:86:/CNTP/NL40INGB0007041500//Unit4 Group Holding B.V.///REMI/USTD//P
OOL-M NL40INGB0007041500 POOL-S NL87INGB0682431478 PPM13548686 02
/05/2025/
:62F:C250502EUR0,00
:64:C250502EUR0,00
:86:/NAME/Unit4 Group Holding B.V.//BIC/INGBNL2A//SUM/1/1/137,40/137,
40/
-
:20:P250504005587156
:25:NL87INGB0682431478EUR
:28C:123
:60F:C250502EUR0,00
:62F:C250503EUR0,00
:64:C250503EUR0,00
:86:/NAME/Unit4 Group Holding B.V.//BIC/INGBNL2A//SUM/0/0/0,00/0,00/
-
:20:P250505005616408
:25:NL87INGB0682431478EUR
:28C:124
:60F:C250503EUR0,00
:62F:C250504EUR0,00
:64:C250504EUR0,00
:86:/NAME/Unit4 Group Holding B.V.//BIC/INGBNL2A//SUM/0/0/0,00/0,00/
-
:20:P250506005718722
:25:NL87INGB0682431478EUR
:28C:125
:60F:C250504EUR0,00
:61:2505050505D37,40NTRFEREF//05054542416066
/TRCD/00100/
:86:/EREF/Unit4 inv ORD15381023F001//CNTP/NL60KNAB0258458429/KNABNL2H
/Works Council///REMI/USTD//MP VT-425 GL 631911/
:61:2505050505C37,40NCMIPPM13560173//05064542626288
/TRCD/05001/
:86:/CNTP/NL40INGB0007041500//Unit4 Group Holding B.V.///REMI/USTD//P
OOL-M NL40INGB0007041500 POOL-S NL87INGB0682431478 PPM13560173 05
/05/2025/
:62F:C250505EUR0,00
:64:C250505EUR0,00
:86:/NAME/Unit4 Group Holding B.V.//BIC/INGBNL2A//SUM/1/1/37,40/37,40
/
-
:20:P250507005835359
:25:NL87INGB0682431478EUR
:28C:126
:60F:C250505EUR0,00
:61:2505060506C2586722,60NTRFFXN79059122//05064543852796
/TRCD/00500/
:86:/CNTP//INGBNL2A/ING Bank N.V. Internal LORO///REMI/USTD//Trans.Re
ference: FXN79059122 ING-id: XX25050656128777 NL53INGB0050912038
ING Bank N.V. Internal LORO FXFORWARD TRADE 79059122 WITH ING BAN
K N.V. AMSTERDAM ING BUYS GBP 2200000.00 EXCHANGE RATE 1.175783/
:61:2505060506D11166,69NTRFVT--000250506500//05064544057186
/TRCD/00500/
:86:/CNTP/IE86CITI99005142175390/CITIIE2X/ACQUIA INC./US//REMI/USTD//
Trans.Reference: VT--000250506500 ING-id: XX25050656142748 IE86CI
TI99005142175390 ACQUIA INC. /US/ SI-76741/
:61:2505060506D81990,22NTRFVT--000250506500//05064544057187
/TRCD/00500/
:86:/CNTP/697839055/CHASUS33XXX/DEMAND SCIENCE US, LLC/US//REMI/USTD/
/Trans.Reference: VT--000250506500 ING-id: XX25050656142747 69783
9055 DEMAND SCIENCE US, LLC /US/ INV044750/
:61:2505060506D12,50NCHGVT--000250506500//05064544057188
/TRCD/09003/
:86:/REMI/USTD//Trans.Reference: VT--000250506500 ING-id: XX250506561
42747 Transfer provisie: EUR 12,50/
:61:2505060506D2738410,61NTRFPREF//05064544136648
/TRCD/00200/
:86:/PREF/VT--0002505065-ING478T-S-250506//REMI/USTD//TOTAAL 10 VZ/
:61:2505060506C244857,42NCMIPPM13567000//05074544672209
/TRCD/05001/
:86:/CNTP/NL40INGB0007041500//Unit4 Group Holding B.V.///REMI/USTD//P
OOL-M NL40INGB0007041500 POOL-S NL87INGB0682431478 PPM13567000 06
/05/2025/
:62F:C250506EUR0,00
:64:C250506EUR0,00
:86:/NAME/Unit4 Group Holding B.V.//BIC/INGBNL2A//SUM/4/2/2831580,02/
2831580,02/
-
:20:P250508005961458
:25:NL87INGB0682431478EUR
:28C:127
:60F:C250506EUR0,00
:61:2505070507D6654,69NTRFPREF//05074546412754
/TRCD/00200/
:86:/PREF/5DAJKGZE2G4HQC4//REMI/USTD//TOTAAL 1 VZ/
:61:2505070507D2513121,38NTRFPREF//05074546412755
/TRCD/00200/
:86:/PREF/VT--0002505072-ING478T-S-250507//REMI/USTD//TOTAAL 5 VZ/
:61:2505070507C2519776,07NCMIPPM13574381//05084546819475
/TRCD/05001/
:86:/CNTP/NL40INGB0007041500//Unit4 Group Holding B.V.///REMI/USTD//P
OOL-M NL40INGB0007041500 POOL-S NL87INGB0682431478 PPM13574381 07
/05/2025/
:62F:C250507EUR0,00
:64:C250507EUR0,00
:86:/NAME/Unit4 Group Holding B.V.//BIC/INGBNL2A//SUM/2/1/2519776,07/
2519776,07/
-
:20:P250509006071136
:25:NL87INGB0682431478EUR
:28C:128
:60F:C250507EUR0,00
:61:2505080508D669,49NDDTEREF//05084547056144
/TRCD/01018/
:86:/EREF/E2E-ID-NL-227971728//MARF/MANDATE-NL-200478800-1//CSID/NL39
ZZZ243458990000//CNTP/NL85INGB0654416265/INGBNL2A/Transip B.V.///
REMI/USTD//FACTUUR F0000.2505.0004.6608/
:61:2505080508C2670,50NTRFEREF//05084547056145
/TRCD/00100/
:86:/EREF/102424R25526669.1170.6200141//CNTP/NL96INGB0009611671/INGBN
L2A/BeFrank PPI NV///REMI/USTD//102424 25526669 XX102424/25526669
XX NOTA 1 MEI 2025 102424-70 3364 DA Sliedrecht/
:61:2505080508D150000,00NTRFEREF//05084548780787
/TRCD/00100/
:86:/EREF/MF from VT to S8//CNTP/FI7633010001147461/ESSEFIHX/Unit4 Oy
///REMI/USTD//MF from VT to S8/
:61:2505080508C147998,99NCMIPPM13580892//05094548945207
/TRCD/05001/
:86:/CNTP/NL40INGB0007041500//Unit4 Group Holding B.V.///REMI/USTD//P
OOL-M NL40INGB0007041500 POOL-S NL87INGB0682431478 PPM13580892 08
/05/2025/
:62F:C250508EUR0,00
:64:C250508EUR0,00
:86:/NAME/Unit4 Group Holding B.V.//BIC/INGBNL2A//SUM/2/2/150669,49/1
50669,49/
-
:20:P250510006202718
:25:NL87INGB0682431478EUR
:28C:129
:60F:C250508EUR0,00
:62F:C250509EUR0,00
:64:C250509EUR0,00
:86:/NAME/Unit4 Group Holding B.V.//BIC/INGBNL2A//SUM/0/0/0,00/0,00/
-
:20:P250511006250176
:25:NL87INGB0682431478EUR
:28C:130
:60F:C250509EUR0,00
:62F:C250510EUR0,00
:64:C250510EUR0,00
:86:/NAME/Unit4 Group Holding B.V.//BIC/INGBNL2A//SUM/0/0/0,00/0,00/
-
:20:P250512006279305
:25:NL87INGB0682431478EUR
:28C:131
:60F:C250510EUR0,00
:62F:C250511EUR0,00
:64:C250511EUR0,00
:86:/NAME/Unit4 Group Holding B.V.//BIC/INGBNL2A//SUM/0/0/0,00/0,00/
-
:20:P250513006410489
:25:NL87INGB0682431478EUR
:28C:132
:60F:C250511EUR0,00
:61:2505120512D14197,71NDDTEREF//05124552792132
/TRCD/01018/
:86:/EREF/7068800002221662025-05-12//MARF/80000019418000//CSID/NL92ZZ
Z330314310200//CNTP/NL47INGB0667841555/INGBNL2A/ING Commercial Ca
rds///REMI/USTD//7068 80000222166 2025-05-12 ING CORPORATE CARD/
:61:2505120512C861811,00NTRFEREF//05124552792133
/TRCD/00100/
:86:/EREF/COAXX312096769202505071803068354292//CNTP/NL36INGB000344558
8/INGBNL2A/BELASTINGDIENST///REMI/USTD//TERUGGAAF NR. 813372288O3
55210 OB.1EKWART25 (UNIT4BUSINES)/
:61:2505120512D200000,00NTRFEREF//05124554884901
/TRCD/00100/
:86:/EREF/K2 - MANUAL FUNDING//CNTP/FR7630438000083266403000015/INGBF
RPP/Unit4 France///REMI/USTD//K2 - MANUAL FUNDING/
:61:2505120512D647613,29NCMIPPS13599238//05134555319048
/TRCD/05001/
:86:/CNTP/NL40INGB0007041500//Unit4 Group Holding B.V.///REMI/USTD//P
OOL-M NL40INGB0007041500 POOL-S NL87INGB0682431478 PPS13599238 12
/05/2025/
:62F:C250512EUR0,00
:64:C250512EUR0,00
:86:/NAME/Unit4 Group Holding B.V.//BIC/INGBNL2A//SUM/3/1/861811,00/8
61811,00/
-
:20:P250514006520526
:25:NL87INGB0682431478EUR
:28C:133
:60F:C250512EUR0,00
:61:2505130513C190,94NTRF3509723333//05134556773256
/TRCD/00500/
:86:/CNTP/368710001/CITIIE2XXXX/MICROSOFT IRELAND OPERATIONS LTD/2 DU
BLIN, DUBLIN//REMI/USTD//Trans.Reference: 3509723333 ING-id: XX25
051356568156 368710001 MICROSOFT IRELAND OPERATIONS LTD 2/DUBLIN,
 DUBLIN /NIDB/0002385508 INCENTIVE.AZPALP..20250512.6236578 PAYRE
F: 68101463201062 PHON:0882471777/POP:INCENT.AZPALP../
:61:2505130513D3374,86NTRFEREF//05134557131435
/TRCD/00100/
:86:/EREF/Unit4 inv. 919476081 919391798COR//CNTP/NL51BNGH0285175750/
BNGHNL2G/Gemeentebelastingen en Basisinforma///REMI/USTD//MP S. 1
00665/
:61:2505130513D4605,58NTRFEREF//05134557131436
/TRCD/00100/
:86:/EREF/Unit4 Group Holding BV//CNTP/NL13ABNA0595981712/ABNANL2A/Le
gal Expenses (Michel Schipper)///REMI/USTD//MP VT-427 Legal Advis
ory/
:61:2505130513C7789,50NCMIPPM13606261//05144557303541
/TRCD/05001/
:86:/CNTP/NL40INGB0007041500//Unit4 Group Holding B.V.///REMI/USTD//P
OOL-M NL40INGB0007041500 POOL-S NL87INGB0682431478 PPM13606261 13
/05/2025/
:62F:C250513EUR0,00
:64:C250513EUR0,00
:86:/NAME/Unit4 Group Holding B.V.//BIC/INGBNL2A//SUM/2/2/7980,44/798
0,44/
-
:20:P250515006642914
:25:NL87INGB0682431478EUR
:28C:134
:60F:C250513EUR0,00
:62F:C250514EUR0,00
:64:C250514EUR0,00
:86:/NAME/Unit4 Group Holding B.V.//BIC/INGBNL2A//SUM/0/0/0,00/0,00/
-
:20:P250516006775177
:25:NL87INGB0682431478EUR
:28C:135
:60F:C250514EUR0,00
:61:2505150515D386260,31NTRFPREF//05154560427940
/TRCD/00200/
:86:/PREF/VT--0025051415-ING478T-S-250514//REMI/USTD//TOTAAL 17 VZ/
:61:2505150515D17232,00NTRFVT--002505141500//05154560427941
/TRCD/00500/
:86:/CNTP/1499982858/BOFAUS3NXXX/GLOBALLOGIC INC./110 San Jose//REMI/
USTD//Trans.Reference: VT--002505141500 ING-id: XX25051556737321
1499982858 GLOBALLOGIC INC. 110 San Jose 110135524/
:61:2505150515D12,50NCHGVT--002505141500//05154560427942
/TRCD/09003/
:86:/REMI/USTD//Trans.Reference: VT--002505141500 ING-id: XX250515567
37321 Transfer provisie: EUR 12,50/
:61:2505160515D50,05NTRF601.02 Investmen//05154560995373
/TRCD/00500//OCMT/ZAR1000,00/
:86:/CNTP/62374285560/FIRNZAJJ/UNIT4 BUSINESS SOFTWARE (PTY) LTD/ZA//
REMI/USTD//Trans.Reference: 601.02 Investmen ING-id: XX2505155676
2002 ZAR 1.000,00 Koers: 19,979000 62374285560 UNIT4 BUSINESS SOF
TWARE (PTY) LTD /ZA/ MF VT TO L0 FNB 601.02 Investment non-listed
 shares/
:61:2505160515D37,50NCHG601.02 Investmen//05154560995374
/TRCD/09003/
:86:/REMI/USTD//Trans.Reference: 601.02 Investmen ING-id: XX250515567
62002 Transfer provisie: EUR 37,50/
:61:2505150515C403504,81NCMIPPM13620805//05164561319564
/TRCD/05001/
:86:/CNTP/NL40INGB0007041500//Unit4 Group Holding B.V.///REMI/USTD//P
OOL-M NL40INGB0007041500 POOL-S NL87INGB0682431478 PPM13620805 15
/05/2025/
:62F:D250515EUR87,55
:64:C250515EUR0,00
:86:/NAME/Unit4 Group Holding B.V.//BIC/INGBNL2A//SUM/5/1/403592,36/4
03504,81/
-
:20:P250517006894068
:25:NL87INGB0682431478EUR
:28C:136
:60F:D250515EUR87,55
:61:2505160516C51663,64NTRFEREF//05164561559621
/TRCD/00100/
:86:/EREF/280034600614//CNTP/NL48INGB0006808944/INGBNL2A/NATIONALE-NE
D SCHADEVERZ MIJNV///REMI/USTD//P29765483 Unit4 Group Holding B.V
. Polisnr.: 29765483/
:61:2505160516C10000000,00NTRFFTT4175723 01//05164563021064
/TRCD/00500/
:86:/CNTP/DE44501108006169000027/CHASDEFXXXX/J.P. Morgan SE/Frankfurt
 am Main 60310 DE//REMI/USTD//Trans.Reference: FTT4175723 01 ING-
id: XX25051656844044 DE44501108006169000027 J.P. Morgan SE Frankf
urt am Main 60310 DE /ROC/ REF.UNIT4 BOCK CAP INV EUR/
:61:2505160516D10051576,09NCMIPPS13628287//05174563316070
/TRCD/05001/
:86:/CNTP/NL40INGB0007041500//Unit4 Group Holding B.V.///REMI/USTD//P
OOL-M NL40INGB0007041500 POOL-S NL87INGB0682431478 PPS13628287 16
/05/2025/
:62F:C250516EUR0,00
:64:C250516EUR0,00
:86:/NAME/Unit4 Group Holding B.V.//BIC/INGBNL2A//SUM/1/2/10051576,09
/10051663,64/
-
:20:P250518006935130
:25:NL87INGB0682431478EUR
:28C:137
:60F:C250516EUR0,00
:62F:C250517EUR0,00
:64:C250517EUR0,00
:86:/NAME/Unit4 Group Holding B.V.//BIC/INGBNL2A//SUM/0/0/0,00/0,00/
-
:20:P250519006964659
:25:NL87INGB0682431478EUR
:28C:138
:60F:C250517EUR0,00
:62F:C250518EUR0,00
:64:C250518EUR0,00
:86:/NAME/Unit4 Group Holding B.V.//BIC/INGBNL2A//SUM/0/0/0,00/0,00/
-
:20:P250520007072566
:25:NL87INGB0682431478EUR
:28C:139
:60F:C250518EUR0,00
:61:2505190519D10896,53NDDTEREF//05194564787416
/TRCD/01018/
:86:/EREF/JENT202505152525BC0010002//MARF/52146//CSID/NL42ZZZ56847726
0001//CNTP/NL20ABNA0527353795/ABNANL2A/J T AUTOLEASE BV///REMI/US
TD//Nr 786895,786896//PURP/OTHR/
:61:2505190519D36057,89NDDTEREF//05194564787417
/TRCD/01018/
:86:/EREF/7068800002103322025-05-19//MARF/80000018234000//CSID/NL92ZZ
Z330314310200//CNTP/NL47INGB0667841555/INGBNL2A/ING Commercial Ca
rds///REMI/USTD//7068 80000210332 2025-05-19 ING CORPORATE CARD/
:61:2505190519D590,98NTRFTFS2009378833724//05194564787418
/TRCD/00500/
:86:/CNTP///ING Trade Finance Services NL/Foppingadreef 7//REMI/USTD/
/ING - Trade Finance Services ING ref: NLNTFSBGI0060139 Uw ref: B
G1236599096 Per. 2025-02-17 t/m 2025-05-17 Bankgarantie provisie
1,9./
:61:2505190519D957080,00NTRFEREF//05194564787419
/TRCD/00100/
:86:/EREF/1270492509301120//CNTP/NL86INGB0002445588/INGBNL2A/Belastin
gdienst///REMI/USTD//MP VT-426 GL 126000 Income tax asset/
:61:2505190519D11000000,00NTRFEREF//05194566830317
/TRCD/00100/
:86:/EREF/MF ING HSBC VT 129920//CNTP/NL58HSBC0786448784/HSBCNL2A/Bus
iness Software Holdings BV///REMI/USTD//MF ING HSBC VT 129920/
:61:2505190519D39595,50NTRFEREF//05194566830318
/TRCD/00100/
:86:/EREF/UNIT4 XKO 2026//CNTP/NL55DEUT0265239885/DEUTNL2A/Maritime H
otel Amsterdam///REMI/USTD//MP VT-429 623210/
:61:2505190519C12044220,90NCMIPPM13638634//05204567100960
/TRCD/05001/
:86:/CNTP/NL40INGB0007041500//Unit4 Group Holding B.V.///REMI/USTD//P
OOL-M NL40INGB0007041500 POOL-S NL87INGB0682431478 PPM13638634 19
/05/2025/
:62F:C250519EUR0,00
:64:C250519EUR0,00
:86:/NAME/Unit4 Group Holding B.V.//BIC/INGBNL2A//SUM/6/1/12044220,90
/12044220,90/
-
:20:P250521007189357
:25:NL87INGB0682431478EUR
:28C:140
:60F:C250519EUR0,00
:61:2505200520C23487,66NTRFEREF//05204567423023
/TRCD/00100/
:86:/EREF/390025969523//CNTP/NL48INGB0006808944/INGBNL2A/NATIONALE-NE
D SCHADEVERZ MIJNV///REMI/USTD//P29765483 Unit4 Group Holding B.V
. Polisnr.: 29765483/
:61:2505200520D268081,66NTRFFXN79525046//05204567423024
/TRCD/00500/
:86:/CNTP//INGBNL2A/ING BANK N.V. BASE ENTITY U0493 FM SSC LONDON///R
EMI/USTD//Trans.Reference: FXN79525046 ING-id: XX25052056942480 N
L53INGB0050912038 ING BANK N.V. BASE ENTITY U0493 FM FXForward tr
ade 79525046 with ING Bank N.V. Amsterdam ING sells DKK 2000000.0
0 Exchange Rate 7.4604134/
:61:2505200520C40588,77NTRF6019140D17220001//05204568029186
/TRCD/00500/
:86:/CNTP/GB26BOFA16505069567033/BOFAGB22/SKILLSOFT U.K. LIMITED/2 CK
NELL//REMI/USTD//Trans.Reference: 6019140D17220001 ING-id: XX2505
2056977526 GB26BOFA16505069567033 SKILLSOFT U.K. LIMITED 2/CKNELL
 OANLD0097254 AR REFUND/
:61:2505200520D44180,77NTRFPREF//05204568835633
/TRCD/00200/
:86:/PREF/VT--0002505201-ING478T-S-250520//REMI/USTD//TOTAAL 13 VZ/
:61:2505200520C248186,00NCMIPPM13645835//05214569417755
/TRCD/05001/
:86:/CNTP/NL40INGB0007041500//Unit4 Group Holding B.V.///REMI/USTD//P
OOL-M NL40INGB0007041500 POOL-S NL87INGB0682431478 PPM13645835 20
/05/2025/
:62F:C250520EUR0,00
:64:C250520EUR0,00
:86:/NAME/Unit4 Group Holding B.V.//BIC/INGBNL2A//SUM/2/3/312262,43/3
12262,43/
-
:20:P250522007287405
:25:NL87INGB0682431478EUR
:28C:141
:60F:C250520EUR0,00
:61:2505210521D246266,60NTRFPREF//05214569635261
/TRCD/00200/
:86:/PREF/85KNNDQMLD7YPNBBN-1//REMI/USTD//TOTAAL 33 VZ/
:61:2505210521D2686,40NTRFPREF//05214570952585
/TRCD/00200/
:86:/PREF/VT--0002505211-ING478T-S-250521//REMI/USTD//TOTAAL 2 VZ/
:61:2505210521D111328,50NTRFVT--000250521100//05214570952586
/TRCD/00500/
:86:/CNTP/556260761/CHASUS33XXX/MARKET RESOURCE PARTNERS, LLC/GB//REM
I/USTD//Trans.Reference: VT--000250521100 ING-id: XX2505215708747
4 556260761 MARKET RESOURCE PARTNERS, LLC /GB/ m17123:m17124/
:61:2505210521D12,50NCHGVT--000250521100//05214570952587
/TRCD/09003/
:86:/REMI/USTD//Trans.Reference: VT--000250521100 ING-id: XX250521570
87474 Transfer provisie: EUR 12,50/
:61:2505210521C360294,00NCMIPPM13653015//05224571501796
/TRCD/05001/
:86:/CNTP/NL40INGB0007041500//Unit4 Group Holding B.V.///REMI/USTD//P
OOL-M NL40INGB0007041500 POOL-S NL87INGB0682431478 PPM13653015 21
/05/2025/
:62F:C250521EUR0,00
:64:C250521EUR0,00
:86:/NAME/Unit4 Group Holding B.V.//BIC/INGBNL2A//SUM/4/1/360294,00/3
60294,00/
-
:20:P250523007405031
:25:NL87INGB0682431478EUR
:28C:142
:60F:C250521EUR0,00
:61:2505220522D300000,00NTRFEREF//05224571701873
/TRCD/00100/
:86:/EREF/MP Funding VT to K2 Payroll//CNTP/FR76304380000832664030000
15/INGBFRPP/Unit 4 Business Software France SA///REMI/USTD//MP Fu
nding VT to K2 Payroll/
:61:2505220522D232702,00NTRFEREF//05224573461451
/TRCD/00100/
:86:/EREF/9862381316501050//CNTP/NL86INGB0002445588/INGBNL2A/Belastin
gdienst///REMI/USTD//MP VT-432/
:61:2505220522C532702,00NCMIPPM13660081//05234573675809
/TRCD/05001/
:86:/CNTP/NL40INGB0007041500//Unit4 Group Holding B.V.///REMI/USTD//P
OOL-M NL40INGB0007041500 POOL-S NL87INGB0682431478 PPM13660081 22
/05/2025/
:62F:C250522EUR0,00
:64:C250522EUR0,00
:86:/NAME/Unit4 Group Holding B.V.//BIC/INGBNL2A//SUM/2/1/532702,00/5
32702,00/
-
:20:P250524007531314
:25:NL87INGB0682431478EUR
:28C:143
:60F:C250522EUR0,00
:61:2505230523C8897,60NTRFNONREF//05234573903297
/TRCD/00112/
:86:/CNTP/NL59RABO0388504072/RABONL2U/Deloitte Holding B.V.///REMI/US
TD//Refund VT00250414150014/
:61:2505230523D8897,60NCMIPPS13667962//05244576467616
/TRCD/05001/
:86:/CNTP/NL40INGB0007041500//Unit4 Group Holding B.V.///REMI/USTD//P
OOL-M NL40INGB0007041500 POOL-S NL87INGB0682431478 PPS13667962 23
/05/2025/
:62F:C250523EUR0,00
:64:C250523EUR0,00
:86:/NAME/Unit4 Group Holding B.V.//BIC/INGBNL2A//SUM/1/1/8897,60/889
7,60/
-
:20:P250525007571170
:25:NL87INGB0682431478EUR
:28C:144
:60F:C250523EUR0,00
:62F:C250524EUR0,00
:64:C250524EUR0,00
:86:/NAME/Unit4 Group Holding B.V.//BIC/INGBNL2A//SUM/0/0/0,00/0,00/
-
:20:P250526007602815
:25:NL87INGB0682431478EUR
:28C:145
:60F:C250524EUR0,00
:62F:C250525EUR0,00
:64:C250525EUR0,00
:86:/NAME/Unit4 Group Holding B.V.//BIC/INGBNL2A//SUM/0/0/0,00/0,00/
-
:20:P250527007720191
:25:NL87INGB0682431478EUR
:28C:146
:60F:C250525EUR0,00
:61:2505260526D1601,60NCHGEREF//05264578494108
/TRCD/09001/
:86:/EREF/349591bdb25b490cbab848c118e62055//CNTP//INGBNL2A////REMI/US
TD//Kosten Zakelijk Betalingsverkeer Factuurnr. 2298490124 Betref
t IBAN: NL87INGB0682431478 Periode: 01-04-2025 / 30-04-2025/
:61:2505260526D300000,00NTRFEREF//05264581362097
/TRCD/00100/
:86:/EREF/Funding for VAT - VT to E5//CNTP/DE27500210000025010331/ING
BDEFF/UNIT4 Business Software GmbH///REMI/USTD//Funding for VAT -
 VT to E5/
:61:2505260526C301601,60NCMIPPM13680535//05274581820580
/TRCD/05001/
:86:/CNTP/NL40INGB0007041500//Unit4 Group Holding B.V.///REMI/USTD//P
OOL-M NL40INGB0007041500 POOL-S NL87INGB0682431478 PPM13680535 26
/05/2025/
:62F:C250526EUR0,00
:64:C250526EUR0,00
:86:/NAME/Unit4 Group Holding B.V.//BIC/INGBNL2A//SUM/2/1/301601,60/3
01601,60/
-
:20:P250528007833259
:25:NL87INGB0682431478EUR
:28C:147
:60F:C250526EUR0,00
:61:2505270527C796670,00NTRFSXN79703594//05274582078962
/TRCD/00500/
:86:/CNTP//INGBNL2A/ING Bank N.V. Internal LORO///REMI/USTD//Trans.Re
ference: SXN79703594 ING-id: XX25052757329219 NL53INGB0050912038
ING Bank N.V. Internal LORO FX trade 79703594 with ING Bank N.V.
Amsterdam ING buys AUD 1400000.00 Exchange Rate 0.56905/
:61:2505270527C900000,00NTRFFRS27055HSDGBW04//05274582361786
/TRCD/00500/
:86:/CNTP/NL58HSBC0786448784/HSBCNL2AXXX/UNIT4 GROUP HOLDING B.V./336
4 DA SLIEDRECHT//REMI/USTD//Trans.Reference: FRS27055HSDGBW04 ING
 id: XX25052757338744 NL58HSBC0786448784 UNIT4 GROUP HOLDING B.V.
 3364 DA SLIEDRECHT MF HSBC ING VT 129920/
:61:2505270527D440786,65NTRFFXN79792023//05274583242812
/TRCD/00500/
:86:/CNTP//INGBNL2A/ING BANK N.V. BASE ENTITY U0493 FM SSC LONDON///R
EMI/USTD//Trans.Reference: FXN79792023 ING-id: XX25052757367421 N
L53INGB0050912038 ING BANK N.V. BASE ENTITY U0493 FM FXForward tr
ade 79792023 with ING Bank N.V. Amsterdam ING sells USD 500000.00
 Exchange Rate 0.8815733/
:61:2505270527D1159839,37NTRFPREF//05274584083753
/TRCD/00200/
:86:/PREF/VT--0002505271-ING478T-S-250527//REMI/USTD//TOTAAL 23 VZ/
:61:2505270527D20025,00NTRFVT--000250527100//05274584083754
/TRCD/00500/
:86:/CNTP/653826102/CHASUS33XXX/DEMAND WORKS MEDIA LLC/0611 Chicago//
REMI/USTD//Trans.Reference: VT--000250527100 ING-id: XX2505275739
3720 653826102 DEMAND WORKS MEDIA LLC 0611 Chicago 17700COR/
:61:2505270527D12,50NCHGVT--000250527100//05274584083755
/TRCD/09003/
:86:/REMI/USTD//Trans.Reference: VT--000250527100 ING-id: XX250527573
93720 Transfer provisie: EUR 12,50/
:61:2505280527D15000,00NTRFVT--000250527100//05274584118624
/TRCD/00500/
:86:/CNTP/AD7500031101124610710101/CRDAADAD/TVST CONSULTING S.L./D400
, Andorra//REMI/USTD//Trans.Reference: VT--000250527100 ING-id: X
X25052757393721 AD7500031101124610710101 TVST CONSULTING S.L. D40
0, Andorra 01-SCANMARKET/
:61:2505280527D12,50NCHGVT--000250527100//05274584118625
/TRCD/09003/
:86:/REMI/USTD//Trans.Reference: VT--000250527100 ING-id: XX250527573
93721 Transfer provisie: EUR 12,50/
:61:2505270527D76006,48NCMIPPS13688481//05284584349607
/TRCD/05001/
:86:/CNTP/NL40INGB0007041500//Unit4 Group Holding B.V.///REMI/USTD//P
OOL-M NL40INGB0007041500 POOL-S NL87INGB0682431478 PPS13688481 27
/05/2025/
:62F:D250527EUR15012,50
:64:C250527EUR0,00
:86:/NAME/Unit4 Group Holding B.V.//BIC/INGBNL2A//SUM/7/2/1711682,50/
1696670,00/
-
:20:P250529007936410
:25:NL87INGB0682431478EUR
:28C:148
:60F:D250527EUR15012,50
:61:2505280528D34939,89NDDTEREF//05284584612157
/TRCD/01018/
:86:/EREF/102424C25528811.1177.6236502//MARF/102424-M003//CSID/NL62ZZ
Z504817700001//CNTP/NL96INGB0009611671/INGBNL2A/BeFrank PPI NV///
REMI/USTD//102424/25528811 XX102424/25528811XX VLP 1 JUN 2025 102
424-69 3364 DA Sliedrecht/
:61:2505280528D200000,00NTRFEREF//05284584612158
/TRCD/00100/
:86:/EREF/MP I8 MANUAL FUNDING COVER PAYROLL//CNTP/ES4914659000120001
807934/BBRUESMX/UNIT4 RD Spain, s.l.///REMI/USTD//MP I8 MANUAL FU
NDING COVER PAYROLL/
:61:2505280528D900000,00NTRFEREF//05284586562852
/TRCD/00100/
:86:/EREF/Funding VT to E5 - VAT (E5-T2-T4)//CNTP/DE27500210000025010
331/INGBDEFF/UNIT4 Business Software GmbH///REMI/USTD//Funding VT
 to E5 - VAT (E5-T2-T4)/
:61:2505280528D4239,19NTRFEREF//05284586631143
/TRCD/00100/
:86:/EREF/Unit4 Group Holding BV//CNTP/NL60CITI2032315521/CITINL2X/Do
iT International NL BV///REMI/USTD//MP VT-100643 INV. 065, 233, 6
47 and 654/
:61:2505280528C1154191,58NCMIPPM13696153//05294586857905
/TRCD/05001/
:86:/CNTP/NL40INGB0007041500//Unit4 Group Holding B.V.///REMI/USTD//P
OOL-M NL40INGB0007041500 POOL-S NL87INGB0682431478 PPM13696153 28
/05/2025/
:62F:C250528EUR0,00
:64:C250528EUR0,00
:86:/NAME/Unit4 Group Holding B.V.//BIC/INGBNL2A//SUM/4/1/1139179,08/
1154191,58/
-
:20:P250530008048221
:25:NL87INGB0682431478EUR
:28C:149
:60F:C250528EUR0,00
:61:2505290529C3000000,00NTRFFRS29055G7DMWY69//05294587292227
/TRCD/00500/
:86:/CNTP/NL58HSBC0786448784/HSBCNL2AXXX/UNIT4 GROUP HOLDING B.V./336
4 DA SLIEDRECHT//REMI/USTD//Trans.Reference: FRS29055G7DMWY69 ING
 id: XX25052957477257 NL58HSBC0786448784 UNIT4 GROUP HOLDING B.V.
 3364 DA SLIEDRECHT MF HSBC ING/
:61:2505290529D8897,60NTRFEREF//05294588572007
/TRCD/00100/
:86:/EREF/Unit4 inv FT20820250/00534//CNTP/PT50001000005985897000153/
BBPIPTPL/Deloitte Technology, S.A.///REMI/USTD//MP S. 100679 FT20
820250/00534/
:61:2505290529D2991102,40NCMIPPS13702393//05304588796741
/TRCD/05001/
:86:/CNTP/NL40INGB0007041500//Unit4 Group Holding B.V.///REMI/USTD//P
OOL-M NL40INGB0007041500 POOL-S NL87INGB0682431478 PPS13702393 29
/05/2025/
:62F:C250529EUR0,00
:64:C250529EUR0,00
:86:/NAME/Unit4 Group Holding B.V.//BIC/INGBNL2A//SUM/2/1/3000000,00/
3000000,00/
-
:20:P250531008151847
:25:NL87INGB0682431478EUR
:28C:150
:60F:C250529EUR0,00
:61:2505300530D137,40NDDTEREF//05304589127504
/TRCD/01018/
:86:/EREF/SDD-6079494-56369099//MARF/700284071001//CSID/NL08ZZZ200733
050000//CNTP/NL19VOWA0460929070/VOWANL21XXX/VWPFS B.V.///REMI/UST
D//25VTA0086749/
:61:2505300530C700000,00NTRFFRS30055G6DQ7ETP//05304589369251
/TRCD/00500/
:86:/CNTP/NL58HSBC0786448784/HSBCNL2AXXX/UNIT4 GROUP HOLDING B.V./336
4 DA SLIEDRECHT//REMI/USTD//Trans.Reference: FRS30055G6DQ7ETP ING
 id: XX25053057537619 NL58HSBC0786448784 UNIT4 GROUP HOLDING B.V.
 3364 DA SLIEDRECHT MF HSBC ING/
:61:2505300530C4000000,00NTRFLX250530AOG130JX//05304590304992
/TRCD/00500/
:86:/CNTP/LU310030218983880000/BGLLLULLXXX/BOCK CAP EU LUX NAT II/3 L
U STRASSEN-8030//REMI/USTD//Trans.Reference: LX250530AOG130JX ING
 id: XX25053057574574 LU310030218983880000 BOCK CAP EU LUX NAT II
 3/LU/STRASSEN-8030 IBL 202505281643330152MULTI/
:61:2505300530D4699862,60NCMIPPS13710317//05314591033592
/TRCD/05001/
:86:/CNTP/NL40INGB0007041500//Unit4 Group Holding B.V.///REMI/USTD//P
OOL-M NL40INGB0007041500 POOL-S NL87INGB0682431478 PPS13710317 30
/05/2025/
:62F:C250530EUR0,00
:64:C250530EUR0,00
:86:/NAME/Unit4 Group Holding B.V.//BIC/INGBNL2A//SUM/2/2/4700000,00/
4700000,00/
-
:20:P250601008201423
:25:NL87INGB0682431478EUR
:28C:151
:60F:C250530EUR0,00
:62F:C250531EUR0,00
:64:C250531EUR0,00
:86:/NAME/Unit4 Group Holding B.V.//BIC/INGBNL2A//SUM/0/0/0,00/0,00/
-
:20:P250602008233959
:25:NL87INGB0682431478EUR
:28C:152
:60F:C250531EUR0,00
:62F:C250601EUR0,00
:64:C250601EUR0,00
:86:/NAME/Unit4 Group Holding B.V.//BIC/INGBNL2A//SUM/0/0/0,00/0,00/
-
:20:P250603008346570
:25:NL87INGB0682431478EUR
:28C:153
:60F:C250601EUR0,00
:61:2506020602C354,03NTRFEREF//06024594680360
/TRCD/00100/
:86:/EREF/520026779651//CNTP/NL48INGB0006808944/INGBNL2A/NATIONALE-NE
D SCHADEVERZ MIJNV///REMI/USTD//P81008513 Unit4 Group Holding B.V
. Polisnr.: 81008513/
:61:2506020602D354,03NCMIPPS13722837//06034595783887
/TRCD/05001/
:86:/CNTP/NL40INGB0007041500//Unit4 Group Holding B.V.///REMI/USTD//P
OOL-M NL40INGB0007041500 POOL-S NL87INGB0682431478 PPS13722837 02
/06/2025/
:62F:C250602EUR0,00
:64:C250602EUR0,00
:86:/NAME/Unit4 Group Holding B.V.//BIC/INGBNL2A//SUM/1/1/354,03/354,
03/
-
:20:P250604008473230
:25:NL87INGB0682431478EUR
:28C:154
:60F:C250602EUR0,00
:61:2506030603C32,61NTRFEREF//06034596829265
/TRCD/00100/
:86:/EREF/PearcePhilCorporateCard//CNTP/GB19ABBY09013285343483/ABBYGB
2LXXX/MR PHILLIP DAVID PEARCE///REMI/USTD//Payment of Uber Fees c
harged o n card by mistake/
:61:2506030603D2130265,66NTRFPREF//06034597609383
/TRCD/00200/
:86:/PREF/VT--0002506031-ING478T-S-250603//REMI/USTD//TOTAAL 16 VZ/
:61:2506030603D4489,10NTRFEREF//06034597609384
/TRCD/00100/
:86:/EREF/Unit4 inv. 4508396//CNTP/NL28RABO0144511703/RABONL2U/Mauric
e van Bogget///REMI/USTD//MP VT-435 DUMMY ACCOUNT/
:61:2506030603C2134722,15NCMIPPM13730501//06044597978541
/TRCD/05001/
:86:/CNTP/NL40INGB0007041500//Unit4 Group Holding B.V.///REMI/USTD//P
OOL-M NL40INGB0007041500 POOL-S NL87INGB0682431478 PPM13730501 03
/06/2025/
:62F:C250603EUR0,00
:64:C250603EUR0,00
:86:/NAME/Unit4 Group Holding B.V.//BIC/INGBNL2A//SUM/2/2/2134754,76/
2134754,76/
-
:20:P250605008603935
:25:NL87INGB0682431478EUR
:28C:155
:60F:C250603EUR0,00
:61:2506040604D40588,77NTRFEREF//06044599837056
/TRCD/00100/
:86:/EREF/Unit4 inv. NLD0097254//CNTP/GB26BOFA16505069567033/BOFAGB22
/Skillsoft UK Ltd///REMI/USTD//MP S.100649/
:61:2506040604C40588,77NCMIPPM13737309//06054600157664
/TRCD/05001/
:86:/CNTP/NL40INGB0007041500//Unit4 Group Holding B.V.///REMI/USTD//P
OOL-M NL40INGB0007041500 POOL-S NL87INGB0682431478 PPM13737309 04
/06/2025/
:62F:C250604EUR0,00
:64:C250604EUR0,00
:86:/NAME/Unit4 Group Holding B.V.//BIC/INGBNL2A//SUM/1/1/40588,77/40
588,77/
-
:20:P250606008733185
:25:NL87INGB0682431478EUR
:28C:156
:60F:C250604EUR0,00
:61:2506050605C879,17NTRFEREF//06054600312155
/TRCD/00100/
:86:/EREF/102424R25530889.1181.6270041//CNTP/NL96INGB0009611671/INGBN
L2A/BeFrank PPI NV///REMI/USTD//102424 25530889 XX102424/25530889
XX NOTA 1 JUN 2025 102424-72 3364 DA Sliedrecht/
:61:2506050605D879,17NCMIPPS13744477//06064602118027
/TRCD/05001/
:86:/CNTP/NL40INGB0007041500//Unit4 Group Holding B.V.///REMI/USTD//P
OOL-M NL40INGB0007041500 POOL-S NL87INGB0682431478 PPS13744477 05
/06/2025/
:62F:C250605EUR0,00
:64:C250605EUR0,00
:86:/NAME/Unit4 Group Holding B.V.//BIC/INGBNL2A//SUM/1/1/879,17/879,
17/
-
:20:P250607008857865
:25:NL87INGB0682431478EUR
:28C:157
:60F:C250605EUR0,00
:61:2506060606D300000,00NTRFEREF//06064604107206
/TRCD/00100/
:86:/EREF/Funding VT to E5 Tax Payments//CNTP/DE27500210000025010331/
INGBDEFF/UNIT4 Business Software GmbH///REMI/USTD//Funding VT to
E5 Tax Payments/
:61:2506060606C300000,00NCMIPPM13752167//06074604310381
/TRCD/05001/
:86:/CNTP/NL40INGB0007041500//Unit4 Group Holding B.V.///REMI/USTD//P
OOL-M NL40INGB0007041500 POOL-S NL87INGB0682431478 PPM13752167 06
/06/2025/
:62F:C250606EUR0,00
:64:C250606EUR0,00
:86:/NAME/Unit4 Group Holding B.V.//BIC/INGBNL2A//SUM/1/1/300000,00/3
00000,00/
-
:20:P250608008913379
:25:NL87INGB0682431478EUR
:28C:158
:60F:C250606EUR0,00
:62F:C250607EUR0,00
:64:C250607EUR0,00
:86:/NAME/Unit4 Group Holding B.V.//BIC/INGBNL2A//SUM/0/0/0,00/0,00/
-
:20:P250609008942501
:25:NL87INGB0682431478EUR
:28C:159
:60F:C250607EUR0,00
:62F:C250608EUR0,00
:64:C250608EUR0,00
:86:/NAME/Unit4 Group Holding B.V.//BIC/INGBNL2A//SUM/0/0/0,00/0,00/
-
:20:P250610009003754
:25:NL87INGB0682431478EUR
:28C:160
:60F:C250608EUR0,00
:61:2506090609D1604,63NDDTEREF//06094605851165
/TRCD/01018/
:86:/EREF/E2E-ID-NL-228459057//MARF/MANDATE-NL-200478800-1//CSID/NL39
ZZZ243458990000//CNTP/NL85INGB0654416265/INGBNL2A/Transip B.V.///
REMI/USTD//FACTUUR F0000.2506.0004.6515/
:61:2506090609D85174,32NTRFPREF//06094607532196
/TRCD/00200/
:86:/PREF/VT--0002506094-ING478T-S-250609//REMI/USTD//TOTAAL 1 VZ/
:61:2506090609D5617,50NTRFPREF//06094607532197
/TRCD/00200/
:86:/PREF/VT--0002506099-ING478T-S-250609//REMI/USTD//TOTAAL 1 VZ/
:61:2506090609D119410,89NTRFPREF//06094607532198
/TRCD/00200/
:86:/PREF/VT--0002506092-ING478T-S-250609//REMI/USTD//TOTAAL 15 VZ/
:61:2506090609D17232,00NTRFVT--000250609200//06094607532199
/TRCD/00500/
:86:/CNTP/1499982858/BOFAUS3NXXX/GLOBALLOGIC INC./110 San Jose//REMI/
USTD//Trans.Reference: VT--000250609200 ING-id: XX25060958063989
1499982858 GLOBALLOGIC INC. 110 San Jose 110137149/
:61:2506090609D10000,00NTRFVT--000250609200//06094607532200
/TRCD/00500/
:86:/CNTP/AD7500031101124610710101/CRDAADAD/TVST CONSULTING S.L./D400
, Andorra//REMI/USTD//Trans.Reference: VT--000250609200 ING-id: X
X25060958063992 AD7500031101124610710101 TVST CONSULTING S.L. D40
0, Andorra 04/25-VS/
:61:2506090609D10676,53NTRFVT--000250609200//06094607532201
/TRCD/00500/
:86:/CNTP/DE14202208000080667834/SXPYDEHH/NAVAN INC/US//REMI/USTD//Tr
ans.Reference: VT--000250609200 ING-id: XX25060958063990 DE142022
08000080667834 NAVAN INC /US/ Jun2025 Statement/
:61:2506090609D12,50NCHGVT--000250609200//06094607532202
/TRCD/09003/
:86:/REMI/USTD//Trans.Reference: VT--000250609200 ING-id: XX250609580
63992 Transfer provisie: EUR 12,50/
:61:2506090609D12,50NCHGVT--000250609200//06094607532203
/TRCD/09003/
:86:/REMI/USTD//Trans.Reference: VT--000250609200 ING-id: XX250609580
63989 Transfer provisie: EUR 12,50/
:61:2506090609C249740,87NCMIPPM13761554//06104607862709
/TRCD/05001/
:86:/CNTP/NL40INGB0007041500//Unit4 Group Holding B.V.///REMI/USTD//P
OOL-M NL40INGB0007041500 POOL-S NL87INGB0682431478 PPM13761554 09
/06/2025/
:62F:C250609EUR0,00
:64:C250609EUR0,00
:86:/NAME/Unit4 Group Holding B.V.//BIC/INGBNL2A//SUM/9/1/249740,87/2
49740,87/
-
:20:P250611009130163
:25:NL87INGB0682431478EUR
:28C:161
:60F:C250609EUR0,00
:62F:C250610EUR0,00
:64:C250610EUR0,00
:86:/NAME/Unit4 Group Holding B.V.//BIC/INGBNL2A//SUM/0/0/0,00/0,00/
-
:20:P250612009261791
:25:NL87INGB0682431478EUR
:28C:162
:60F:C250610EUR0,00
:62F:C250611EUR0,00
:64:C250611EUR0,00
:86:/NAME/Unit4 Group Holding B.V.//BIC/INGBNL2A//SUM/0/0/0,00/0,00/
-
:20:P250613009403285
:25:NL87INGB0682431478EUR
:28C:163
:60F:C250611EUR0,00
:61:2506120612D44656,48NDDTEREF//06124612338541
/TRCD/01018/
:86:/EREF/7068800002221662025-06-12//MARF/80000019418000//CSID/NL92ZZ
Z330314310200//CNTP/NL47INGB0667841555/INGBNL2A/ING Commercial Ca
rds///REMI/USTD//7068 80000222166 2025-06-12 ING CORPORATE CARD/
:61:2506120612D39886,67NTRFEREF//06124612338542
/TRCD/00100/
:86:/EREF/Unit4 RCF Jun 10M Interests//CNTP/DE44501108006169000027/CH
ASDEFX/JPMC///REMI/USTD//MP VT-436 RCF/
:61:2506120612C84543,15NCMIPPM13782731//06134614087712
/TRCD/05001/
:86:/CNTP/NL40INGB0007041500//Unit4 Group Holding B.V.///REMI/USTD//P
OOL-M NL40INGB0007041500 POOL-S NL87INGB0682431478 PPM13782731 12
/06/2025/
:62F:C250612EUR0,00
:64:C250612EUR0,00
:86:/NAME/Unit4 Group Holding B.V.//BIC/INGBNL2A//SUM/2/1/84543,15/84
543,15/
-
:20:P250614009535145
:25:NL87INGB0682431478EUR
:28C:164
:60F:C250612EUR0,00
:62F:C250613EUR0,00
:64:C250613EUR0,00
:86:/NAME/Unit4 Group Holding B.V.//BIC/INGBNL2A//SUM/0/0/0,00/0,00/
-
:20:P250615009586673
:25:NL87INGB0682431478EUR
:28C:165
:60F:C250613EUR0,00
:62F:C250614EUR0,00
:64:C250614EUR0,00
:86:/NAME/Unit4 Group Holding B.V.//BIC/INGBNL2A//SUM/0/0/0,00/0,00/
-
:20:P250616009616788
:25:NL87INGB0682431478EUR
:28C:166
:60F:C250614EUR0,00
:62F:C250615EUR0,00
:64:C250615EUR0,00
:86:/NAME/Unit4 Group Holding B.V.//BIC/INGBNL2A//SUM/0/0/0,00/0,00/
-
:20:P250617009722522
:25:NL87INGB0682431478EUR
:28C:167
:60F:C250615EUR0,00
:61:2506160616D10011,80NDDTEREF//06164617804809
/TRCD/01018/
:86:/EREF/JENT202506122536BC0010002//MARF/52146//CSID/NL42ZZZ56847726
0001//CNTP/NL20ABNA0527353795/ABNANL2A/J T AUTOLEASE BV///REMI/US
TD//Nr 789969,789970//PURP/OTHR/
:61:2506160616D335224,15NTRFFXN80514592//06164619500295
/TRCD/00500/
:86:/CNTP//INGBNL2A/ING BANK N.V. BASE ENTITY U0493 FM SSC LONDON///R
EMI/USTD//Trans.Reference: FXN80514592 ING-id: XX25061658508422 N
L53INGB0050912038 ING BANK N.V. BASE ENTITY U0493 FM FXForward tr
ade 80514592 with ING Bank N.V. Amsterdam ING sells DKK 2500000.0
0 Exchange Rate 7.4576966/
:61:2506160616D604837,26NTRFFXN80514618//06164619500296
/TRCD/00500/
:86:/CNTP//INGBNL2A/ING BANK N.V. BASE ENTITY U0493 FM SSC LONDON///R
EMI/USTD//Trans.Reference: FXN80514618 ING-id: XX25061658508408 N
L53INGB0050912038 ING BANK N.V. BASE ENTITY U0493 FM FXForward tr
ade 80514618 with ING Bank N.V. Amsterdam ING sells USD 700000.00
 Exchange Rate 1.1573361/
:61:2506160616C3518136,00NTRFFXN80514642//06164619500297
/TRCD/00500/
:86:/CNTP//INGBNL2A/ING Bank N.V. Internal LORO///REMI/USTD//Trans.Re
ference: FXN80514642 ING-id: XX25061658508485 NL53INGB0050912038
ING Bank N.V. Internal LORO FXForward trade 80514642 with ING Ban
k N.V. Amsterdam ING buys GBP 3000000.00 Exchange Rate 1.172712/
:61:2506160616D224542,17NTRFPREF//06164620219816
/TRCD/00200/
:86:/PREF/VT--0002506161-ING478T-S-250616//REMI/USTD//TOTAAL 11 VZ/
:61:2506160616D20025,00NTRFVT--000250616100//06164620219817
/TRCD/00500/
:86:/CNTP/653826102/CHASUS33XXX/DEMAND WORKS MEDIA LLC/0611 Chicago//
REMI/USTD//Trans.Reference: VT--000250616100 ING-id: XX2506165853
7477 653826102 DEMAND WORKS MEDIA LLC 0611 Chicago 17931/
:61:2506160616D12,50NCHGVT--000250616100//06164620219818
/TRCD/09003/
:86:/REMI/USTD//Trans.Reference: VT--000250616100 ING-id: XX250616585
37477 Transfer provisie: EUR 12,50/
:61:2506160616D2323483,12NCMIPPS13801287//06174620491742
/TRCD/05001/
:86:/CNTP/NL40INGB0007041500//Unit4 Group Holding B.V.///REMI/USTD//P
OOL-M NL40INGB0007041500 POOL-S NL87INGB0682431478 PPS13801287 16
/06/2025/
:62F:C250616EUR0,00
:64:C250616EUR0,00
:86:/NAME/Unit4 Group Holding B.V.//BIC/INGBNL2A//SUM/7/1/3518136,00/
3518136,00/
-
:20:P250618009863455
:25:NL87INGB0682431478EUR
:28C:168
:60F:C250616EUR0,00
:62F:C250617EUR0,00
:64:C250617EUR0,00
:86:/NAME/Unit4 Group Holding B.V.//BIC/INGBNL2A//SUM/0/0/0,00/0,00/
-
:20:P250619009986659
:25:NL87INGB0682431478EUR
:28C:169
:60F:C250617EUR0,00
:61:2506180618D1177,04NTRFTFS2009479121941//06184622732919
/TRCD/00500/
:86:/CNTP///ING Trade Finance Services NL/Foppingadreef 7//REMI/USTD/
/ING - Trade Finance Services ING ref: NLNTFSBGI0067389 Uw ref: N
ONREF Per. 2025-03-18 t/m 2025-06-18 Bankgarantie provisie 2,4./
:61:2506180618C254269,49NTRFFXN80574594//06184622732920
/TRCD/00500/
:86:/CNTP//INGBNL2A/ING Bank N.V. Internal LORO///REMI/USTD//Trans.Re
ference: FXN80574594 ING-id: XX25061858614443 NL53INGB0050912038
ING Bank N.V. Internal LORO FXForward trade 80574594 with ING Ban
k N.V. Amsterdam ING buys AUD 450000.00 Exchange Rate 0.5650433/
:61:2506180618D253092,45NCMIPPS13815428//06194624496193
/TRCD/05001/
:86:/CNTP/NL40INGB0007041500//Unit4 Group Holding B.V.///REMI/USTD//P
OOL-M NL40INGB0007041500 POOL-S NL87INGB0682431478 PPS13815428 18
/06/2025/
:62F:C250618EUR0,00
:64:C250618EUR0,00
:86:/NAME/Unit4 Group Holding B.V.//BIC/INGBNL2A//SUM/2/1/254269,49/2
54269,49/
-
:20:P250620000099973
:25:NL87INGB0682431478EUR
:28C:170
:60F:C250618EUR0,00
:61:2506190619D61054,98NDDTEREF//06194624652366
/TRCD/01018/
:86:/EREF/7068800002103322025-06-19//MARF/80000018234000//CSID/NL92ZZ
Z330314310200//CNTP/NL47INGB0667841555/INGBNL2A/ING Commercial Ca
rds///REMI/USTD//7068 80000210332 2025-06-19 ING CORPORATE CARD/
:61:2506190619D291793,25NTRFPREF//06194624652367
/TRCD/00200/
:86:/PREF/3RWSOFGQPWCMJDYTJ-1//REMI/USTD//TOTAAL 32 VZ/
:61:2506190619C352848,23NCMIPPM13822000//06204626299153
/TRCD/05001/
:86:/CNTP/NL40INGB0007041500//Unit4 Group Holding B.V.///REMI/USTD//P
OOL-M NL40INGB0007041500 POOL-S NL87INGB0682431478 PPM13822000 19
/06/2025/
:62F:C250619EUR0,00
:64:C250619EUR0,00
:86:/NAME/Unit4 Group Holding B.V.//BIC/INGBNL2A//SUM/2/1/352848,23/3
52848,23/
-
:20:P250621000226089
:25:NL87INGB0682431478EUR
:28C:171
:60F:C250619EUR0,00
:61:2506200620D263997,00NTRFEREF//06204628262341
/TRCD/00100/
:86:/EREF/5862381316501060//CNTP/NL86INGB0002445588/INGBNL2A/Belastin
gdienst (Wage Tax)///REMI/USTD//MP VT-442 Tax on wages/
:61:2506200620C263997,00NCMIPPM13829762//06214628725155
/TRCD/05001/
:86:/CNTP/NL40INGB0007041500//Unit4 Group Holding B.V.///REMI/USTD//P
OOL-M NL40INGB0007041500 POOL-S NL87INGB0682431478 PPM13829762 20
/06/2025/
:62F:C250620EUR0,00
:64:C250620EUR0,00
:86:/NAME/Unit4 Group Holding B.V.//BIC/INGBNL2A//SUM/1/1/263997,00/2
63997,00/
-
:20:P250622000267434
:25:NL87INGB0682431478EUR
:28C:172
:60F:C250620EUR0,00
:62F:C250621EUR0,00
:64:C250621EUR0,00
:86:/NAME/Unit4 Group Holding B.V.//BIC/INGBNL2A//SUM/0/0/0,00/0,00/
-
:20:P250623000294825
:25:NL87INGB0682431478EUR
:28C:173
:60F:C250621EUR0,00
:62F:C250622EUR0,00
:64:C250622EUR0,00
:86:/NAME/Unit4 Group Holding B.V.//BIC/INGBNL2A//SUM/0/0/0,00/0,00/
-
:20:P250624000405828
:25:NL87INGB0682431478EUR
:28C:174
:60F:C250622EUR0,00
:61:2506230623C1167852,30NTRFFXN80792845//06234632211727
/TRCD/00500/
:86:/CNTP//INGBNL2A/ING Bank N.V. Internal LORO///REMI/USTD//Trans.Re
ference: FXN80792845 ING-id: XX25062358897078 NL53INGB0050912038
ING Bank N.V. Internal LORO FXForward trade 80792845 with ING Ban
k N.V. Amsterdam ING buys GBP 1000000.00 Exchange Rate 1.1678523/
:61:2506230623D150000,00NTRFEREF//06234632782711
/TRCD/00100/
:86:/EREF/MP VT to T5//CNTP/AT141936000454420925/INGBATWW/prevero sof
tware GmbH AT///REMI/USTD//MP VT to T5/
:61:2506230623D22070,40NTRFEREF//06234632782712
/TRCD/00100/
:86:/EREF/Unit4 invs. F2025 0008,0010,0009//CNTP/NL40RABO0365295418/R
ABONL2U/Polarising B.V.///REMI/USTD//MP S. 170429 F2025-0008 F202
5-0010 F2025-0009/
:61:2506230623D71306,70NTRFPREF//06234632830944
/TRCD/00200/
:86:/PREF/VT--0002506231-ING478T-S-250623//REMI/USTD//TOTAAL 10 VZ/
:61:2506230623D10000,00NTRFPREF//06234632964755
/TRCD/00200/
:86:/PREF/VT--0002506231-ING478T-N-250623//REMI/USTD//TOTAAL 1 VZ/
:61:2506230623D914475,20NCMIPPS13840528//06244633294743
/TRCD/05001/
:86:/CNTP/NL40INGB0007041500//Unit4 Group Holding B.V.///REMI/USTD//P
OOL-M NL40INGB0007041500 POOL-S NL87INGB0682431478 PPS13840528 23
/06/2025/
:62F:C250623EUR0,00
:64:C250623EUR0,00
:86:/NAME/Unit4 Group Holding B.V.//BIC/INGBNL2A//SUM/5/1/1167852,30/
1167852,30/
-
:20:P250625000514325
:25:NL87INGB0682431478EUR
:28C:175
:60F:C250623EUR0,00
:61:2506240624D200000,00NTRFEREF//06244633550008
/TRCD/00100/
:86:/EREF/MF VT TO K2//CNTP/FR7630438000083266403000015/INGBFRPP/Unit
4 France///REMI/USTD//MF VT TO K2/
:61:2506240624D957080,00NTRFEREF//06244633550009
/TRCD/00100/
:86:/EREF/1270492509301120//CNTP/NL86INGB0002445588/INGBNL2A/Belastin
gdienst///REMI/USTD//MP VT-440 GL 226000/
:61:2506240624D54000,00NTRFEREF//06244635267807
/TRCD/00100/
:86:/EREF/Unit4 inv. TI000001727-4022//CNTP/GB83BOFA16505084785016/BO
FAGB22/Kroll Trustee Services Limited///REMI/USTD//MP S. 100508 I
NV 4022/
:61:2506240624C2000000,00NTRFFRS24065JFG21E4G//06244635267808
/TRCD/00500/
:86:/CNTP/NL58HSBC0786448784/HSBCNL2AXXX/UNIT4 GROUP HOLDING B.V./336
4 DA SLIEDRECHT//REMI/USTD//Trans.Reference: FRS24065JFG21E4G ING
 id: XX25062458984308 NL58HSBC0786448784 UNIT4 GROUP HOLDING B.V.
 3364 DA SLIEDRECHT MF HSBC ING VT 129920/
:61:2506240624D788920,00NCMIPPS13847939//06254635743912
/TRCD/05001/
:86:/CNTP/NL40INGB0007041500//Unit4 Group Holding B.V.///REMI/USTD//P
OOL-M NL40INGB0007041500 POOL-S NL87INGB0682431478 PPS13847939 24
/06/2025/
:62F:C250624EUR0,00
:64:C250624EUR0,00
:86:/NAME/Unit4 Group Holding B.V.//BIC/INGBNL2A//SUM/4/1/2000000,00/
2000000,00/
-
:20:P250626000638135
:25:NL87INGB0682431478EUR
:28C:176
:60F:C250624EUR0,00
:61:2506250625C20893,38NTRFEREF//06254635997548
/TRCD/00100/
:86:/EREF/460027025155//CNTP/NL48INGB0006808944/INGBNL2A/NATIONALE-NE
D SCHADEVERZ MIJNV///REMI/USTD//P14724734 Unit4 Group Holding B.V
. Polisnr.: 14724734/
:61:2506250625C301721,02NTRFFXN80887988//06254637150292
/TRCD/00500/
:86:/CNTP//INGBNL2A/ING Bank N.V. Internal LORO///REMI/USTD//Trans.Re
ference: FXN80887988 ING-id: XX25062559043512 NL53INGB0050912038
ING Bank N.V. Internal LORO FXForward trade 80887988 with ING Ban
k N.V. Amsterdam ING buys USD 350000.00 Exchange Rate 1.160012/
:61:2506300625D23826,19NTRFUP V4 -SOFTSENSO//06254637412017
/TRCD/00500//OCMT/MYR113000,00/
:86:/CNTP/381052160138/BOFAUS6SXXX/SOFTSENSOR AI LLC/EWATER08807 New
Jersey//REMI/USTD//Trans.Reference: UP V4 -SOFTSENSO ING-id: XX25
062559051409 MYR 113.000,00 Koers: 4,742680 381052160138 SOFTSENS
OR AI LLC EWATER08807 New Jersey INV-000340/
:61:2506300625D12,50NCHGUP V4 -SOFTSENSO//06254637412018
/TRCD/09003/
:86:/REMI/USTD//Trans.Reference: UP V4 -SOFTSENSO ING-id: XX250625590
51409 Transfer provisie: EUR 12,50/
:61:2506250625D15850,00NTRFEREF//06254638080492
/TRCD/00100/
:86:/EREF/Unit4 inv 01D0431215//CNTP/DE39500400000589812700/COBADEFF/
PricewaterhouseCoopers GmbH///REMI/USTD//MP S. 170436 INV. 01D043
1215/
:61:2506250625D306764,40NCMIPPS13855245//06264638379499
/TRCD/05001/
:86:/CNTP/NL40INGB0007041500//Unit4 Group Holding B.V.///REMI/USTD//P
OOL-M NL40INGB0007041500 POOL-S NL87INGB0682431478 PPS13855245 25
/06/2025/
:62F:D250625EUR23838,69
:64:C250625EUR0,00
:86:/NAME/Unit4 Group Holding B.V.//BIC/INGBNL2A//SUM/4/2/346453,09/3
22614,40/
-
:20:P250627000760407
:25:NL87INGB0682431478EUR
:28C:177
:60F:D250625EUR23838,69
:61:2506260626D25103,00NDDTEREF//06264638657455
/TRCD/01018/
:86:/EREF/1fdcf488a452450a830d67ccf6c13ae1//MARF/2023338221//CSID/NL2
2ZZZ342084080000//CNTP/NL56ABNA0604322259/ABNANL2A/VAANSTER II BV
///REMI/USTD//voorschot 2025-07-01/2025-10-01 10880496/
:61:2506260626D1595,42NCHGEREF//06264638657456
/TRCD/09001/
:86:/EREF/f3d408decede47ada212e275d715a9a7//CNTP//INGBNL2A////REMI/US
TD//Kosten Zakelijk Betalingsverkeer Factuurnr. 2306929810 Betref
t IBAN: NL87INGB0682431478 Periode: 01-05-2025 / 31-05-2025/
:61:2506260626C369307,12NTRFFXN80892298//06264638657457
/TRCD/00500/
:86:/CNTP//INGBNL2A/ING Bank N.V. Internal LORO///REMI/USTD//Trans.Re
ference: FXN80892298 ING-id: XX25062659082116 NL53INGB0050912038
ING Bank N.V. Internal LORO FXForward trade 80892298 with ING Ban
k N.V. Amsterdam ING buys SGD 548621.96 Exchange Rate 0.6731541/
:61:2506260626D5698399,00NTRFEREF//06264638657458
/TRCD/00100/
:86:/EREF/1270492429301120//CNTP/NL86INGB0002445588/INGBNL2A/Belastin
gdienst///REMI/USTD//MP VT-434 Income tax payable GL 226000/
:61:2506260626D200000,00NTRFEREF//06264638657459
/TRCD/00100/
:86:/EREF/MANUAL FUNDING CASH POLL//CNTP/ES4914659000120001807934/BBR
UESMX/UNIT4 RD Spain, s.l.///REMI/USTD//I8 - MANUAL FUNDING CASH
POLL - COUVER PAYROLL/
:61:2506260626C900000,00NTRFFRS26065G7G73FY8//06264638884180
/TRCD/00500/
:86:/CNTP/NL58HSBC0786448784/HSBCNL2AXXX/UNIT4 GROUP HOLDING B.V./336
4 DA SLIEDRECHT//REMI/USTD//Trans.Reference: FRS26065G7G73FY8 ING
 id: XX25062659087535 NL58HSBC0786448784 UNIT4 GROUP HOLDING B.V.
 3364 DA SLIEDRECHT MF HSBC ING VT/
:61:2506260626C133918,43NTRFEREF//06264638951567
/TRCD/00100/
:86:/EREF/220025062520090//CNTP/BE54363149948397/BBRUBEBB/CEGEKA NEDE
RLAND BV///REMI/USTD//20000000093:20000000094/
:61:2506260626D500000,00NTRFEREF//06264638951568
/TRCD/00150/
:86:/EREF/MF FROM VT TO G2//CNTP/PT50050000003110020035838/BBRUPTPL/U
NIT4 PORTUGAL UNIPESSOAL LDA ING///REMI/USTD//MF FROM VT TO G2 -
COVER PAYROLL/
:61:2506260626D700000,00NTRFEREF//06264638951569
/TRCD/00150/
:86:/EREF/MF FROM VT TO G2//CNTP/PT50050000003110020035838/BBRUPTPL/U
NIT4 PORTUGAL UNIPESSOAL LDA ING///REMI/USTD//MANUAL FUNDING - MF
 FROM VT TO G2 - CASHPOOL/
:61:2506260626C90000,00NTRFNONREF//06264639048458
/TRCD/00100/
:86:/CNTP/DK8550610001143434/JYBADKKK/Scanmarket A S///REMI/USTD//Man
ual Funding from W1 to VT/
:61:2506260626D350,00NTRFEREF//06264640379388
/TRCD/00100/
:86:/EREF/Unit4 388626//CNTP/NL71RABO0191288888/RABONL2U/Daamen de Ko
rt van///REMI/USTD//MP S. DUMMY/
:61:2506260626C5632221,87NCMIPPM13863963//06274640913039
/TRCD/05001/
:86:/CNTP/NL40INGB0007041500//Unit4 Group Holding B.V.///REMI/USTD//P
OOL-M NL40INGB0007041500 POOL-S NL87INGB0682431478 PPM13863963 26
/06/2025/
:62F:D250626EUR23838,69
:64:C250626EUR0,00
:86:/NAME/Unit4 Group Holding B.V.//BIC/INGBNL2A//SUM/7/5/7125447,42/
7125447,42/
-
:20:P250628000883211
:25:NL87INGB0682431478EUR
:28C:178
:60F:D250626EUR23838,69
:61:2506270627C200000,00NTRF2025062732159261//06274642190204
/TRCD/00500/
:86:/CNTP/FI7633010001147461/ESSEFIHXXXX/UNIT4 OY/02130 ESPOO//REMI/U
STD//Trans.Reference: 2025062732159261 ING-id: XX25062759175804 F
I7633010001147461 UNIT4 OY 02130 ESPOO MF FROM S8 TO VT - ING/
:61:2506270627C1172338,60NTRFFXN81007419//06274642821100
/TRCD/00500/
:86:/CNTP//INGBNL2A/ING Bank N.V. Internal LORO///REMI/USTD//Trans.Re
ference: FXN81007419 ING-id: XX25062759201902 NL53INGB0050912038
ING Bank N.V. Internal LORO FXForward trade 81007419 with ING Ban
k N.V. Amsterdam ING buys GBP 1000000.00 Exchange Rate 1.1723386/
:61:2506270627C150000,00NTRFFRS27065G7GBWKXS//06274643096168
/TRCD/00500/
:86:/CNTP/NL58HSBC0786448784/HSBCNL2AXXX/UNIT4 GROUP HOLDING B.V./336
4 DA SLIEDRECHT//REMI/USTD//Trans.Reference: FRS27065G7GBWKXS ING
 id: XX25062759211651 NL58HSBC0786448784 UNIT4 GROUP HOLDING B.V.
 3364 DA SLIEDRECHT MF HSBC ING VT/
:61:2506270627D105,00NTRFTFS2009479984799//06274643249003
/TRCD/00500/
:86:/CNTP///ING Trade Finance Services NL/Foppingadreef 7//REMI/USTD/
/ING - Trade Finance Services ING ref: NLNTFSBGI0060139 Uw ref: B
G1236599096/
:61:2506270627D1522233,60NCMIPPS13872555//06284643489909
/TRCD/05001/
:86:/CNTP/NL40INGB0007041500//Unit4 Group Holding B.V.///REMI/USTD//P
OOL-M NL40INGB0007041500 POOL-S NL87INGB0682431478 PPS13872555 27
/06/2025/
:62F:D250627EUR23838,69
:64:C250627EUR0,00
:86:/NAME/Unit4 Group Holding B.V.//BIC/INGBNL2A//SUM/2/3/1522338,60/
1522338,60/
-
:20:P250629000921114
:25:NL87INGB0682431478EUR
:28C:179
:60F:D250627EUR23838,69
:62F:D250628EUR23838,69
:64:C250628EUR0,00
:86:/NAME/Unit4 Group Holding B.V.//BIC/INGBNL2A//SUM/0/0/0,00/0,00/
-
:20:P250630000954100
:25:NL87INGB0682431478EUR
:28C:180
:60F:D250628EUR23838,69
:62F:D250629EUR23838,69
:64:C250629EUR0,00
:86:/NAME/Unit4 Group Holding B.V.//BIC/INGBNL2A//SUM/0/0/0,00/0,00/
-
:20:P250701001076315
:25:NL87INGB0682431478EUR
:28C:181
:60F:D250629EUR23838,69
:61:2506300630D34419,08NDDTEREF//06304645566396
/TRCD/01018/
:86:/EREF/102424C25533017.1189.6298601//MARF/102424-M003//CSID/NL62ZZ
Z504817700001//CNTP/NL96INGB0009611671/INGBNL2A/BeFrank PPI NV///
REMI/USTD//102424/25533017 XX102424/25533017XX VLP 1 JUL 2025 102
424-71 3364 DA Sliedrecht/
:61:2506300630C724303,13NTRFCA7000954//06304647201779
/TRCD/00500/
:86:/CNTP/5014/MHCBGB2LXXX/MIZUHO BANK, LTD./LONDON//REMI/USTD//Trans
.Reference: CA7000954 ING-id: XX25062759204194 5014 MIZUHO BANK,
LTD. LONDON/
:61:2506300630C22782,26NTRF883cde550f5f421b//06304648483244
/TRCD/00500/
:86:/CNTP//INGBNL2A/INTL FCSTONE LONDON///REMI/USTD//Trans.Reference:
 883cde550f5f421b ING-id: XX25063059323408 NL17INGB0050931504 INT
L FCSTONE LONDON SRVC00241-250625 XX25062559051409 25/06/25 Benef
iciary bank could not process payment, contact beneficiary LESS F
X LOSS/
:61:2506300630D688827,62NCMIPPS13884751//07014648725233
/TRCD/05001/
:86:/CNTP/NL40INGB0007041500//Unit4 Group Holding B.V.///REMI/USTD//P
OOL-M NL40INGB0007041500 POOL-S NL87INGB0682431478 PPS13884751 30
/06/2025/
:62F:C250630EUR0,00
:64:C250630EUR0,00
:86:/NAME/Unit4 Group Holding B.V.//BIC/INGBNL2A//SUM/2/2/723246,70/7
47085,39/
-
:20:P250702001201321
:25:NL87INGB0682431478EUR
:28C:182
:60F:C250630EUR0,00
:61:2507010701D137,40NDDTEREF//07014648959172
/TRCD/01018/
:86:/EREF/SDD-6317516-58891352//MARF/700284071001//CSID/NL08ZZZ200733
050000//CNTP/NL19VOWA0460929070/VOWANL21XXX/VWPFS B.V.///REMI/UST
D//25VTA0109007/
:61:2507010701D20000,00NTRFPREF//07014651179079
/TRCD/00200/
:86:/PREF/VT--0002507016-ING478T-N-250701//REMI/USTD//TOTAAL 1 VZ/
:61:2507010701D47825,46NTRFPREF//07014651179080
/TRCD/00200/
:86:/PREF/VT--0002507016-ING478T-S-250701//REMI/USTD//TOTAAL 16 VZ/
:61:2507010701D1285,00NTRFEREF//07014651179081
/TRCD/00100/
:86:/EREF/Unit4//CNTP/GR1601720910005091106204008/PIRBGRAA/Act4Good//
/REMI/USTD//MP VT-445 Dummy account/
:61:2507010701D82300,00NTRFUnit4 INV-33370//07014651179082
/TRCD/00500/
:86:/CNTP/1416815776/BOFAUS3NXXX/GAINSIGHT, INC./US//REMI/USTD//Trans
.Reference: Unit4 INV-33370 ING-id: XX25070159406953 1416815776 G
AINSIGHT, INC. /US/ MP S.100190 INV-33370/
:61:2507010701D21,50NCHGUnit4 INV-33370//07014651179083
/TRCD/09003/
:86:/REMI/USTD//Trans.Reference: Unit4 INV-33370 ING-id: XX2507015940
6953 Transfer provisie: EUR 21,50/
:61:2507010701C151569,36NCMIPPM13893349//07024651497683
/TRCD/05001/
:86:/CNTP/NL40INGB0007041500//Unit4 Group Holding B.V.///REMI/USTD//P
OOL-M NL40INGB0007041500 POOL-S NL87INGB0682431478 PPM13893349 01
/07/2025/
:62F:C250701EUR0,00
:64:C250701EUR0,00
:86:/NAME/Unit4 Group Holding B.V.//BIC/INGBNL2A//SUM/6/1/151569,36/1
51569,36/
-
:20:P250703001320764
:25:NL87INGB0682431478EUR
:28C:183
:60F:C250701EUR0,00
:62F:C250702EUR0,00
:64:C250702EUR0,00
:86:/NAME/Unit4 Group Holding B.V.//BIC/INGBNL2A//SUM/0/0/0,00/0,00/
-
:20:P250704001448378
:25:NL87INGB0682431478EUR
:28C:184
:60F:C250702EUR0,00
:61:2507030703C1158374,20NTRFFXN81199697//07034655116877
/TRCD/00500/
:86:/CNTP//INGBNL2A/ING Bank N.V. Internal LORO///REMI/USTD//Trans.Re
ference: FXN81199697 ING-id: XX25070359524727 NL53INGB0050912038
ING Bank N.V. Internal LORO FXForward trade 81199697 with ING Ban
k N.V. Amsterdam ING buys GBP 1000000.00 Exchange Rate 1.1583742/
:62F:C250703EUR1158374,20
:64:C250703EUR1158374,20
:86:/NAME/Unit4 Group Holding B.V.//BIC/INGBNL2A//SUM/0/1/0,00/115837
4,20/
-
:20:P250705001587841
:25:NL87INGB0682431478EUR
:28C:185
:60F:C250703EUR1158374,20
:61:2507030704D1158374,20NCMIPPS13909491//07044656522350
/TRCD/05001/
:86:/CNTP/NL40INGB0007041500//Unit4 Group Holding B.V.///REMI/USTD//P
OOL-M NL40INGB0007041500 POOL-S NL87INGB0682431478 PPS13909491 03
/07/2025/
:62F:C250704EUR0,00
:64:C250704EUR0,00
:86:/NAME/Unit4 Group Holding B.V.//BIC/INGBNL2A//SUM/1/0/1158374,20/
0,00/
-
:20:P250706001631893
:25:NL87INGB0682431478EUR
:28C:186
:60F:C250704EUR0,00
:62F:C250705EUR0,00
:64:C250705EUR0,00
:86:/NAME/Unit4 Group Holding B.V.//BIC/INGBNL2A//SUM/0/0/0,00/0,00/
-
:20:P250707001661369
:25:NL87INGB0682431478EUR
:28C:187
:60F:C250705EUR0,00
:62F:C250706EUR0,00
:64:C250706EUR0,00
:86:/NAME/Unit4 Group Holding B.V.//BIC/INGBNL2A//SUM/0/0/0,00/0,00/
-
:20:P250708001782978
:25:NL87INGB0682431478EUR
:28C:188
:60F:C250706EUR0,00
:61:2507070707C852,99NTRFEREF//07074660370802
/TRCD/00100/
:86:/EREF/102424R25535087.1193.6331625//CNTP/NL96INGB0009611671/INGBN
L2A/BeFrank PPI NV///REMI/USTD//102424 25535087 XX102424/25535087
XX NOTA 1 JUL 2025 102424-74 3364 DA Sliedrecht/
:61:2507070707C200000,00NTRFNONREF//07074660657479
/TRCD/00100/
:86:/CNTP/DK8550610001143434/JYBADKKK/Scanmarket A S///REMI/USTD//Man
ual Funding from W1 to VT/
:61:2507070707D6285,29NTRFPREF//07074662542287
/TRCD/00200/
:86:/PREF/VT--0025070722-ING478T-N-250707//REMI/USTD//TOTAAL 1 VZ/
:61:2507070707D39100,00NTRFEREF//07074662542288
/TRCD/00100/
:86:/EREF/Unit4 inv PSI0051560//CNTP/GB95COUT18009110357890/COUTGB22/
Learnlight UK Limited///REMI/USTD//MP S. 100663 INV PSI0051560/
:61:2507070707D21382,39NTRFEREF//07074662542289
/TRCD/00100/
:86:/EREF/Unit4 inv F-240673-K7K8M//CNTP/FR7630003033920002005912173/
SOGEFRPP/Chateauform - Landhuis Marienheuvel///REMI/USTD//MP S. 1
70443 INV. F-240673-K7K8M/
:61:2507070707D478754,11NTRFPREF//07074662653014
/TRCD/00200/
:86:/PREF/VT--0002507076-ING478T-S-250707//REMI/USTD//TOTAAL 16 VZ/
:61:2507070707C344668,80NCMIPPM13928163//07084663088301
/TRCD/05001/
:86:/CNTP/NL40INGB0007041500//Unit4 Group Holding B.V.///REMI/USTD//P
OOL-M NL40INGB0007041500 POOL-S NL87INGB0682431478 PPM13928163 07
/07/2025/
:62F:C250707EUR0,00
:64:C250707EUR0,00
:86:/NAME/Unit4 Group Holding B.V.//BIC/INGBNL2A//SUM/4/3/545521,79/5
45521,79/
-
:20:P250709001903680
:25:NL87INGB0682431478EUR
:28C:189
:60F:C250707EUR0,00
:61:2507080708D826,10NDDTEREF//07084663284880
/TRCD/01018/
:86:/EREF/E2E-ID-NL-228945669//MARF/MANDATE-NL-200478800-1//CSID/NL39
ZZZ243458990000//CNTP/NL85INGB0654416265/INGBNL2A/Transip B.V.///
REMI/USTD//FACTUUR F0000.2507.0004.5426/
:61:2507080708D59243,20NTRFEREF//07084664569577
/TRCD/00100/
:86:/EREF/Unit4 MEIP Tranche10 U4 to SCA//CNTP/LU150030345964960000/B
GLLLULL/BNP Paribas - MEIP///REMI/USTD//MP VT-447 MEIP 115300/
:61:2507080708C60069,30NCMIPPM13934765//07094665209125
/TRCD/05001/
:86:/CNTP/NL40INGB0007041500//Unit4 Group Holding B.V.///REMI/USTD//P
OOL-M NL40INGB0007041500 POOL-S NL87INGB0682431478 PPM13934765 08
/07/2025/
:62F:C250708EUR0,00
:64:C250708EUR0,00
:86:/NAME/Unit4 Group Holding B.V.//BIC/INGBNL2A//SUM/2/1/60069,30/60
069,30/
-
:20:P250710002021995
:25:NL87INGB0682431478EUR
:28C:190
:60F:C250708EUR0,00
:62F:C250709EUR0,00
:64:C250709EUR0,00
:86:/NAME/Unit4 Group Holding B.V.//BIC/INGBNL2A//SUM/0/0/0,00/0,00/
-
:20:P250711002191908
:25:NL87INGB0682431478EUR
:28C:191
:60F:C250709EUR0,00
:61:2507100710D942752,40NTRFFXN81410561//07104668749158
/TRCD/00500/
:86:/CNTP//INGBNL2A/ING BANK N.V. BASE ENTITY U0493 FM SSC LONDON///R
EMI/USTD//Trans.Reference: FXN81410561 ING-id: XX25071059937050 N
L53INGB0050912038 ING BANK N.V. BASE ENTITY U0493 FM FXForward tr
ade 81410561 with ING Bank N.V. Amsterdam ING sells PLN 4000000.0
0 Exchange Rate 0.2356881/
:61:2507100710C40588,77NTRF6019191D9A700001//07104668980789
/TRCD/00500/
:86:/CNTP/GB26BOFA16505069567033/BOFAGB22/SKILLSOFT U.K. LIMITED/2 CK
NELL//REMI/USTD//Trans.Reference: 6019191D9A700001 ING-id: XX2507
1059948111 GB26BOFA16505069567033 SKILLSOFT U.K. LIMITED 2/CKNELL
 CUSTOMER NO CUS023972 REFUND AGAINST INV NO NLD0097271 CR NOTE N
O NLD0097270/
:61:2507100710D25138,79NTRFEREF//07104669293706
/TRCD/00100/
:86:/EREF/Unit4 Loans Agency Ref: UNIT4GROUPF//CNTP/DE445011080061690
00027/CHASDEFX/J.P. Morgan SE///REMI/USTD//MP S. 100009 INV 25005
44GER/
:61:2507100710C927302,42NCMIPPM13949307//07114669689957
/TRCD/05001/
:86:/CNTP/NL40INGB0007041500//Unit4 Group Holding B.V.///REMI/USTD//P
OOL-M NL40INGB0007041500 POOL-S NL87INGB0682431478 PPM13949307 10
/07/2025/
:62F:C250710EUR0,00
:64:C250710EUR0,00
:86:/NAME/Unit4 Group Holding B.V.//BIC/INGBNL2A//SUM/2/2/967891,19/9
67891,19/
-
:20:P250712002316107
:25:NL87INGB0682431478EUR
:28C:192
:60F:C250710EUR0,00
:61:2507110711C616,04NTRFEREF//07114670288295
/TRCD/00100/
:86:/EREF/202507101402136012MULTI//CNTP/LU720030345790190000/BGLLLULL
/UNIT 4 MEP AGGREGATOR A SC///REMI/USTD//TRANCHE 10/
:61:2507110711D6067,58NTRFEREF//07114671428658
/TRCD/00100/
:86:/EREF/Unit4 inv. N254001026 IN254000880//CNTP/NL60CITI2032315521/
CITINL2X/DoiT International NL BV///REMI/USTD//MP S. 100643 INV N
254001026 AND IN254000880COR/
:61:2507110711C5451,54NCMIPPM13956733//07124671870985
/TRCD/05001/
:86:/CNTP/NL40INGB0007041500//Unit4 Group Holding B.V.///REMI/USTD//P
OOL-M NL40INGB0007041500 POOL-S NL87INGB0682431478 PPM13956733 11
/07/2025/
:62F:C250711EUR0,00
:64:C250711EUR0,00
:86:/NAME/Unit4 Group Holding B.V.//BIC/INGBNL2A//SUM/1/2/6067,58/606
7,58/
-
:20:P250713002372961
:25:NL87INGB0682431478EUR
:28C:193
:60F:C250711EUR0,00
:62F:C250712EUR0,00
:64:C250712EUR0,00
:86:/NAME/Unit4 Group Holding B.V.//BIC/INGBNL2A//SUM/0/0/0,00/0,00/
-
:20:P250714002417796
:25:NL87INGB0682431478EUR
:28C:194
:60F:C250712EUR0,00
:62F:C250713EUR0,00
:64:C250713EUR0,00
:86:/NAME/Unit4 Group Holding B.V.//BIC/INGBNL2A//SUM/0/0/0,00/0,00/
-
:20:P250715002517753
:25:NL87INGB0682431478EUR
:28C:195
:60F:C250713EUR0,00
:61:2507140714D39826,74NDDTEREF//07144673568833
/TRCD/01018/
:86:/EREF/7068800002221662025-07-14//MARF/80000019418000//CSID/NL92ZZ
Z330314310200//CNTP/NL47INGB0667841555/INGBNL2A/ING Commercial Ca
rds///REMI/USTD//7068 80000222166 2025-07-14 ING CORPORATE CARD/
:61:2507140714D2385796,62NTRFPREF//07144675882559
/TRCD/00200/
:86:/PREF/VT--0002507146-ING478T-S-250714//REMI/USTD//TOTAAL 12 VZ/
:61:2507140714C2425623,36NCMIPPM13967169//07154676019899
/TRCD/05001/
:86:/CNTP/NL40INGB0007041500//Unit4 Group Holding B.V.///REMI/USTD//P
OOL-M NL40INGB0007041500 POOL-S NL87INGB0682431478 PPM13967169 14
/07/2025/
:62F:C250714EUR0,00
:64:C250714EUR0,00
:86:/NAME/Unit4 Group Holding B.V.//BIC/INGBNL2A//SUM/2/1/2425623,36/
2425623,36/
-
:20:P250716002726754
:25:NL87INGB0682431478EUR
:28C:196
:60F:C250714EUR0,00
:61:2507150715D20025,00NTRFVT--000250714600//07154676275328
/TRCD/00500/
:86:/CNTP/653826102/CHASUS33XXX/DEMAND WORKS MEDIA LLC/0611 Chicago//
REMI/USTD//Trans.Reference: VT--000250714600 ING-id: XX2507156014
3735 653826102 DEMAND WORKS MEDIA LLC 0611 Chicago 18109/
:61:2507150715D17232,00NTRFVT--000250714600//07154676275329
/TRCD/00500/
:86:/CNTP/1499982858/BOFAUS3NXXX/GLOBALLOGIC INC./110 San Jose//REMI/
USTD//Trans.Reference: VT--000250714600 ING-id: XX25071560143779
1499982858 GLOBALLOGIC INC. 110 San Jose 110139552/
:61:2507150715D12,50NCHGVT--000250714600//07154676275330
/TRCD/09003/
:86:/REMI/USTD//Trans.Reference: VT--000250714600 ING-id: XX250715601
43779 Transfer provisie: EUR 12,50/
:61:2507150715D12,50NCHGVT--000250714600//07154676275331
/TRCD/09003/
:86:/REMI/USTD//Trans.Reference: VT--000250714600 ING-id: XX250715601
43735 Transfer provisie: EUR 12,50/
:61:2507150715D300000,00NTRFEREF//07154677235650
/TRCD/00100/
:86:/EREF/G2 - MANUAL FUNDING COVER PAYMENTS//CNTP/PT5005000000311002
0035838/BBRUPTPL/UNIT4 Portugal Unipessoal LDA ING///REMI/USTD//G
2 - MANUAL FUNDING COVER PAYMENTS/
:61:2507150715C337282,00NCMIPPM13974585//07164679117282
/TRCD/05001/
:86:/CNTP/NL40INGB0007041500//Unit4 Group Holding B.V.///REMI/USTD//P
OOL-M NL40INGB0007041500 POOL-S NL87INGB0682431478 PPM13974585 15
/07/2025/
:62F:C250715EUR0,00
:64:C250715EUR0,00
:86:/NAME/Unit4 Group Holding B.V.//BIC/INGBNL2A//SUM/5/1/337282,00/3
37282,00/
-
:20:P250717002836721
:25:NL87INGB0682431478EUR
:28C:197
:60F:C250715EUR0,00
:61:2507160716D300000,00NTRFEREF//07164679329551
/TRCD/00100/
:86:/EREF/G2 - MANUAL FUNDING COVER PAYMENTS//CNTP/PT5005000000311002
0035838/BBRUPTPL/UNIT4 Portugal Unipessoal LDA ING///REMI/USTD//G
2 - MANUAL FUNDING COVER PAYMENTS/
:61:2507160716C300000,00NCMIPPM13981948//07174681181269
/TRCD/05001/
:86:/CNTP/NL40INGB0007041500//Unit4 Group Holding B.V.///REMI/USTD//P
OOL-M NL40INGB0007041500 POOL-S NL87INGB0682431478 PPM13981948 16
/07/2025/
:62F:C250716EUR0,00
:64:C250716EUR0,00
:86:/NAME/Unit4 Group Holding B.V.//BIC/INGBNL2A//SUM/1/1/300000,00/3
00000,00/
-
:20:P250718002970616
:25:NL87INGB0682431478EUR
:28C:198
:60F:C250716EUR0,00
:61:2507170717D700000,00NTRFEREF//07174681403669
/TRCD/00100/
:86:/EREF/I8 - MANUAL FUNDING COVER PAYROLL//CNTP/ES49146590001200018
07934/BBRUESMX/UNIT4 RD Spain, s.l.///REMI/USTD//I8 - MANUAL FUND
ING COVER PAYROLL/
:61:2507170717C760000,00NTRFFRS17075JEI585S0//07174682390929
/TRCD/00500/
:86:/CNTP/NL58HSBC0786448784/HSBCNL2AXXX/UNIT4 GROUP HOLDING B.V./336
4 DA SLIEDRECHT//REMI/USTD//Trans.Reference: FRS17075JEI585S0 ING
 id: XX25071760360131 NL58HSBC0786448784 UNIT4 GROUP HOLDING B.V.
 3364 DA SLIEDRECHT MF HSBC ING VT 129920/
:61:2507170717D1000,00NTRFEREF//07174682709128
/TRCD/00100/
:86:/EREF/MP VT TO IA//CNTP/GB57INGB23885920731839/INGBGB22/Unit4 Clo
ud Solutions EUR///REMI/USTD//MP VT TO IA/
:61:2507170717C1400000,00NTRFFRS17075G6I5PBSW//07174682761797
/TRCD/00500/
:86:/CNTP/NL58HSBC0786448784/HSBCNL2AXXX/UNIT4 GROUP HOLDING B.V./336
4 DA SLIEDRECHT//REMI/USTD//Trans.Reference: FRS17075G6I5PBSW ING
 id: XX25071760373287 NL58HSBC0786448784 UNIT4 GROUP HOLDING B.V.
 3364 DA SLIEDRECHT MF HSBC ING VT 129920/
:61:2507170717D3659,39NTRFPREF//07174682813202
/TRCD/00200/
:86:/PREF/VT--0002507171-ING478T-S-250717//REMI/USTD//TOTAAL 1 VZ/
:61:2507170717D1455340,61NCMIPPS13989369//07184683157205
/TRCD/05001/
:86:/CNTP/NL40INGB0007041500//Unit4 Group Holding B.V.///REMI/USTD//P
OOL-M NL40INGB0007041500 POOL-S NL87INGB0682431478 PPS13989369 17
/07/2025/
:62F:C250717EUR0,00
:64:C250717EUR0,00
:86:/NAME/Unit4 Group Holding B.V.//BIC/INGBNL2A//SUM/4/2/2160000,00/
2160000,00/
-
:20:P250719003115133
:25:NL87INGB0682431478EUR
:28C:199
:60F:C250717EUR0,00
:61:2507180718C390414,29NTRFFXN81670505//07184683371349
/TRCD/00500/
:86:/CNTP//INGBNL2A/ING Bank N.V. Internal LORO///REMI/USTD//Trans.Re
ference: FXN81670505 ING-id: XX25071860385292 NL53INGB0050912038
ING Bank N.V. Internal LORO FXForward trade 81670505 with ING Ban
k N.V. Amsterdam ING buys AUD 700000.00 Exchange Rate 0.5577347/
:61:2507180718D390414,29NCMIPPS13996660//07194685162703
/TRCD/05001/
:86:/CNTP/NL40INGB0007041500//Unit4 Group Holding B.V.///REMI/USTD//P
OOL-M NL40INGB0007041500 POOL-S NL87INGB0682431478 PPS13996660 18
/07/2025/
:62F:C250718EUR0,00
:64:C250718EUR0,00
:86:/NAME/Unit4 Group Holding B.V.//BIC/INGBNL2A//SUM/1/1/390414,29/3
90414,29/
-
:20:P250720003149035
:25:NL87INGB0682431478EUR
:28C:200
:60F:C250718EUR0,00
:62F:C250719EUR0,00
:64:C250719EUR0,00
:86:/NAME/Unit4 Group Holding B.V.//BIC/INGBNL2A//SUM/0/0/0,00/0,00/
-
:20:P250721003167952
:25:NL87INGB0682431478EUR
:28C:201
:60F:C250719EUR0,00
:62F:C250720EUR0,00
:64:C250720EUR0,00
:86:/NAME/Unit4 Group Holding B.V.//BIC/INGBNL2A//SUM/0/0/0,00/0,00/
-
:20:P250722003326722
:25:NL87INGB0682431478EUR
:28C:202
:60F:C250720EUR0,00
:61:2507210721D45614,57NDDTEREF//07214686764712
/TRCD/01018/
:86:/EREF/7068800002103322025-07-21//MARF/80000018234000//CSID/NL92ZZ
Z330314310200//CNTP/NL47INGB0667841555/INGBNL2A/ING Commercial Ca
rds///REMI/USTD//7068 80000210332 2025-07-21 ING CORPORATE CARD/
:61:2507210721D10317,75NDDTEREF//07214686764713
/TRCD/01018/
:86:/EREF/JENT202507172553BC0010003//MARF/52146//CSID/NL42ZZZ56847726
0001//CNTP/NL20ABNA0527353795/ABNANL2A/J T AUTOLEASE BV///REMI/US
TD//Nr 792982//PURP/OTHR/
:61:2507210721D263643,11NTRFPREF//07214686764714
/TRCD/00200/
:86:/PREF/KJQW4GSE2W4LDSKAQ-1//REMI/USTD//TOTAAL 31 VZ/
:61:2507210721D311023,20NTRFPREF//07214689139344
/TRCD/00200/
:86:/PREF/VT--0002507211-ING478T-S-250721//REMI/USTD//TOTAAL 19 VZ/
:61:2507210721C630598,63NCMIPPM14007359//07224689400916
/TRCD/05001/
:86:/CNTP/NL40INGB0007041500//Unit4 Group Holding B.V.///REMI/USTD//P
OOL-M NL40INGB0007041500 POOL-S NL87INGB0682431478 PPM14007359 21
/07/2025/
:62F:C250721EUR0,00
:64:C250721EUR0,00
:86:/NAME/Unit4 Group Holding B.V.//BIC/INGBNL2A//SUM/4/1/630598,63/6
30598,63/
-
:20:P250723003434405
:25:NL87INGB0682431478EUR
:28C:203
:60F:C250721EUR0,00
:62F:C250722EUR0,00
:64:C250722EUR0,00
:86:/NAME/Unit4 Group Holding B.V.//BIC/INGBNL2A//SUM/0/0/0,00/0,00/
-
:20:P250724003559360
:25:NL87INGB0682431478EUR
:28C:204
:60F:C250722EUR0,00
:61:2507230723D724000,00NTRFEREF//07234691623976
/TRCD/00100/
:86:/EREF/Manual Funding VAT proposal//CNTP/IE47INGB99024090029801/IN
GBIE2DICM/Unit4 BS Ltd Ireland///REMI/USTD//Manual Funding VAT pr
oposal/
:61:2507230723C112167,00NTRFEREF//07234691951476
/TRCD/00100/
:86:/EREF/4000-CRNL1-2000043901//CSID/0002019496//CNTP/IE41CHAS930903
79607261/CHASIE4LXXX/ServiceNow Nederland B.V.///REMI/USTD//00951
08208//ULTD/ServiceNow Nederland B.V.//
:61:2507230723D10000,00NTRFEREF//07234693246048
/TRCD/00100/
:86:/EREF/Unit4 Bonus//CNTP/NL19ABNA0510154840/ABNANL2A/Robena Saheta
py///REMI/USTD//MP VT-452 PAYROLL 223318/
:61:2507230723C621833,00NCMIPPM14021270//07244693657484
/TRCD/05001/
:86:/CNTP/NL40INGB0007041500//Unit4 Group Holding B.V.///REMI/USTD//P
OOL-M NL40INGB0007041500 POOL-S NL87INGB0682431478 PPM14021270 23
/07/2025/
:62F:C250723EUR0,00
:64:C250723EUR0,00
:86:/NAME/Unit4 Group Holding B.V.//BIC/INGBNL2A//SUM/2/2/734000,00/7
34000,00/
-
:20:P250725003646272
:25:NL87INGB0682431478EUR
:28C:205
:60F:C250723EUR0,00
:61:2507240724D724000,00NTRFEREF//07244693879927
/TRCD/00100/
:86:/EREF/Manual funding from VT to J1//CNTP/IE47INGB99024090029801/I
NGBIE2DICM/Unit4 BS Ltd Ireland///REMI/USTD//Manual funding from
VT to J1/
:61:2507240724C300000,00NTRF2025072432199134//07244694051924
/TRCD/00500/
:86:/CNTP/FI7633010001147461/ESSEFIHXXXX/UNIT4 OY/02130 ESPOO//REMI/U
STD//Trans.Reference: 2025072432199134 ING-id: XX25072460700800 F
I7633010001147461 UNIT4 OY 02130 ESPOO MANUAL FUNDING FROM S8 TO
VT/
:61:2507240724D2402,52NTRFEREF//07244695688206
/TRCD/00100/
:86:/EREF/Unit4 Group Holding BV INV 25195371//CNTP/NL98RABO039430911
1/RABONL2U/Sprengers Advocaten///REMI/USTD//MP VT-444 DUMMY ACCOU
NT/
:61:2507240724C426402,52NCMIPPM14028477//07254696035339
/TRCD/05001/
:86:/CNTP/NL40INGB0007041500//Unit4 Group Holding B.V.///REMI/USTD//P
OOL-M NL40INGB0007041500 POOL-S NL87INGB0682431478 PPM14028477 24
/07/2025/
:62F:C250724EUR0,00
:64:C250724EUR0,00
:86:/NAME/Unit4 Group Holding B.V.//BIC/INGBNL2A//SUM/2/2/726402,52/7
26402,52/
-
:20:P250726003808483
:25:NL87INGB0682431478EUR
:28C:206
:60F:C250724EUR0,00
:61:2507250725D133974,90NTRFFXN81916289//07254696283237
/TRCD/00500/
:86:/CNTP//INGBNL2A/ING BANK N.V. BASE ENTITY U0493 FM SSC LONDON///R
EMI/USTD//Trans.Reference: FXN81916289 ING-id: XX25072560757430 N
L53INGB0050912038 ING BANK N.V. BASE ENTITY U0493 FM FXForward tr
ade 81916289 with ING Bank N.V. Amsterdam ING sells DKK 1000000.0
0 Exchange Rate 7.4640849/
:61:2507250725D724000,00NTRFEREF//07254696283238
/TRCD/00100/
:86:/EREF/Manual Funding from VT to J1 - VAT//CNTP/IE47INGB9902409002
9801/INGBIE2DICM/Unit4 BS Ltd Ireland///REMI/USTD//Manual Funding
 from VT to J1 - VAT purpose/
:61:2507250725C857974,90NCMIPPM14036297//07264698659750
/TRCD/05001/
:86:/CNTP/NL40INGB0007041500//Unit4 Group Holding B.V.///REMI/USTD//P
OOL-M NL40INGB0007041500 POOL-S NL87INGB0682431478 PPM14036297 25
/07/2025/
:62F:C250725EUR0,00
:64:C250725EUR0,00
:86:/NAME/Unit4 Group Holding B.V.//BIC/INGBNL2A//SUM/2/1/857974,90/8
57974,90/
-
:20:P250727003849385
:25:NL87INGB0682431478EUR
:28C:207
:60F:C250725EUR0,00
:61:2507260726D1577,25NCHGEREF//07264698892214
/TRCD/09001/
:86:/EREF/988c792a1666489fa1a0a312095e12b6//CNTP//INGBNL2A////REMI/US
TD//Kosten Zakelijk Betalingsverkeer Factuurnr. 2315374408 Betref
t IBAN: NL87INGB0682431478 Periode: 01-06-2025 / 30-06-2025/
:61:2507260726C1577,25NCMIPPM14040851//07274699937537
/TRCD/05001/
:86:/CNTP/NL40INGB0007041500//Unit4 Group Holding B.V.///REMI/USTD//P
OOL-M NL40INGB0007041500 POOL-S NL87INGB0682431478 PPM14040851 26
/07/2025/
:62F:C250726EUR0,00
:64:C250726EUR0,00
:86:/NAME/Unit4 Group Holding B.V.//BIC/INGBNL2A//SUM/1/1/1577,25/157
7,25/
-
:20:P250728003876375
:25:NL87INGB0682431478EUR
:28C:208
:60F:C250726EUR0,00
:62F:C250727EUR0,00
:64:C250727EUR0,00
:86:/NAME/Unit4 Group Holding B.V.//BIC/INGBNL2A//SUM/0/0/0,00/0,00/
-
:20:P250729004014283
:25:NL87INGB0682431478EUR
:28C:209
:60F:C250727EUR0,00
:61:2507280728D400000,00NTRFEREF//07284700857129
/TRCD/00100/
:86:/EREF/Manual Funding from VT to J1 - VAT//CNTP/IE47INGB9902409002
9801/INGBIE2DICM/Unit4 BS Ltd Ireland///REMI/USTD//Manual Funding
 from VT to J1 - VAT/
:61:2507280728D33948,61NDDTEREF//07284700857130
/TRCD/01018/
:86:/EREF/102424C25537216.1201.6362310//MARF/102424-M003//CSID/NL62ZZ
Z504817700001//CNTP/NL96INGB0009611671/INGBNL2A/BeFrank PPI NV///
REMI/USTD//102424/25537216 XX102424/25537216XX VLP 1 AUG 2025 102
424-73 3364 DA Sliedrecht/
:61:2507280728D957080,00NTRFEREF//07284700857131
/TRCD/00100/
:86:/EREF/1270492509301120//CNTP/NL86INGB0002445588/INGBNL2A/Belastin
gdienst///REMI/USTD//MP VT-450 GL 226000 Income tax payable/
:61:2507280728C1200000,00NTRFFRS28075HTJ5VHKW//07284703332565
/TRCD/00500/
:86:/CNTP/NL58HSBC0786448784/HSBCNL2AXXX/UNIT4 GROUP HOLDING B.V./336
4 DA SLIEDRECHT//REMI/USTD//Trans.Reference: FRS28075HTJ5VHKW ING
 id: XX25072860905852 NL58HSBC0786448784 UNIT4 GROUP HOLDING B.V.
 3364 DA SLIEDRECHT MF HSBC ING VT/
:61:2507280728C191028,61NCMIPPM14051589//07294703815068
/TRCD/05001/
:86:/CNTP/NL40INGB0007041500//Unit4 Group Holding B.V.///REMI/USTD//P
OOL-M NL40INGB0007041500 POOL-S NL87INGB0682431478 PPM14051589 28
/07/2025/
:62F:C250728EUR0,00
:64:C250728EUR0,00
:86:/NAME/Unit4 Group Holding B.V.//BIC/INGBNL2A//SUM/3/2/1391028,61/
1391028,61/
-
:20:P250730004122107
:25:NL87INGB0682431478EUR
:28C:210
:60F:C250728EUR0,00
:61:2507290729D700000,00NTRFEREF//07294704066730
/TRCD/00100/
:86:/EREF/MF VT TO G2//CNTP/PT50050000003110020035838/BBRUPTPL/UNIT4
Portugal Unipessoal LDA ING///REMI/USTD//MF VT TO G2/
:61:2507290729D52560,00NTRFPREF//07294705867763
/TRCD/00200/
:86:/PREF/VT--0025072910-ING478T-S-250729//REMI/USTD//TOTAAL 1 VZ/
:61:2507290729D154237,47NTRFPREF//07294705867764
/TRCD/00200/
:86:/PREF/VT--0025072846-ING478T-S-250728//REMI/USTD//TOTAAL 23 VZ/
:61:2507290729D233859,00NTRFEREF//07294705906361
/TRCD/00100/
:86:/EREF/1862381316501070//CNTP/NL86INGB0002445588/INGBNL2A/Belastin
gdienst (Wage Tax)///REMI/USTD//MP VT-454/
:61:2507290729C1140656,47NCMIPPM14058646//07304706043390
/TRCD/05001/
:86:/CNTP/NL40INGB0007041500//Unit4 Group Holding B.V.///REMI/USTD//P
OOL-M NL40INGB0007041500 POOL-S NL87INGB0682431478 PPM14058646 29
/07/2025/
:62F:C250729EUR0,00
:64:C250729EUR0,00
:86:/NAME/Unit4 Group Holding B.V.//BIC/INGBNL2A//SUM/4/1/1140656,47/
1140656,47/
-
:20:P250731004243257
:25:NL87INGB0682431478EUR
:28C:211
:60F:C250729EUR0,00
:61:2507300730D70564,92NTRFVT--002507284600//07304706267107
/TRCD/00500/
:86:/CNTP/697839055/CHASUS33XXX/DEMAND SCIENCE US, LLC/US//REMI/USTD/
/Trans.Reference: VT--002507284600 ING-id: XX25073060986858 69783
9055 DEMAND SCIENCE US, LLC /US/ INV046510/
:61:2507300730D30000,00NTRFVT--002507284600//07304706267108
/TRCD/00500/
:86:/CNTP/AD7500031101124610710101/CRDAADAD/TVST CONSULTING S.L./D400
, Andorra//REMI/USTD//Trans.Reference: VT--002507284600 ING-id: X
X25073060986848 AD7500031101124610710101 TVST CONSULTING S.L. D40
0, Andorra 02-VR:06/25-VS/
:61:2507300730D554,80NTRFTFS2009626173792//07304706267109
/TRCD/00500/
:86:/CNTP///ING Trade Finance Services NL/Foppingadreef 7//REMI/USTD/
/ING - Trade Finance Services ING ref: NLNTFSBGI0061269 Uw ref: B
G1236601903 Per. 2025-04-30 t/m 2025-07-30 Bankgarantie provisie
1,9./
:61:2507300730D12,50NCHGVT--002507284600//07304706267110
/TRCD/09003/
:86:/REMI/USTD//Trans.Reference: VT--002507284600 ING-id: XX250730609
86858 Transfer provisie: EUR 12,50/
:61:2507300730D12,50NCHGVT--002507284600//07304706267111
/TRCD/09003/
:86:/REMI/USTD//Trans.Reference: VT--002507284600 ING-id: XX250730609
86848 Transfer provisie: EUR 12,50/
:61:2507300730C101144,72NCMIPPM14066197//07314708258074
/TRCD/05001/
:86:/CNTP/NL40INGB0007041500//Unit4 Group Holding B.V.///REMI/USTD//P
OOL-M NL40INGB0007041500 POOL-S NL87INGB0682431478 PPM14066197 30
/07/2025/
:62F:C250730EUR0,00
:64:C250730EUR0,00
:86:/NAME/Unit4 Group Holding B.V.//BIC/INGBNL2A//SUM/5/1/101144,72/1
01144,72/
-
:20:P250801004360142
:25:NL87INGB0682431478EUR
:28C:212
:60F:C250730EUR0,00
:61:2507310731C2315047,60NTRFFXN82140505//07314709695384
/TRCD/00500/
:86:/CNTP//INGBNL2A/ING Bank N.V. Internal LORO///REMI/USTD//Trans.Re
ference: FXN82140505 ING-id: XX25073161093046 NL53INGB0050912038
ING Bank N.V. Internal LORO FXForward trade 82140505 with ING Ban
k N.V. Amsterdam ING buys GBP 2000000.00 Exchange Rate 1.1575238/
:61:2507310731D21,50NCHGUnit4 inv Q-1554//07314710315726
/TRCD/09003/
:86:/REMI/USTD//Trans.Reference: Unit4 inv Q-1554 ING-id: XX250731611
09147 Transfer provisie: EUR 21,50/
:61:2507310731D10000,00NTRFUnit4 inv Q-1554//07314710346918
/TRCD/00500/
:86:/CNTP/3301312664/SVBKUS6SXXX/BUGCROWD INC/04 california//REMI/UST
D//Trans.Reference: Unit4 inv Q-1554 ING-id: XX25073161109147 330
1312664 BUGCROWD INC 04 california MP VT-453 sup170451/
:61:2507310731D2305026,10NCMIPPS14074050//08014710639961
/TRCD/05001/
:86:/CNTP/NL40INGB0007041500//Unit4 Group Holding B.V.///REMI/USTD//P
OOL-M NL40INGB0007041500 POOL-S NL87INGB0682431478 PPS14074050 31
/07/2025/
:62F:C250731EUR0,00
:64:C250731EUR0,00
:86:/NAME/Unit4 Group Holding B.V.//BIC/INGBNL2A//SUM/3/1/2315047,60/
2315047,60/
-
:20:P250802004512514
:25:NL87INGB0682431478EUR
:28C:213
:60F:C250731EUR0,00
:61:2508010801D137,40NDDTEREF//08014710904347
/TRCD/01018/
:86:/EREF/SDD-6473964-61189338//MARF/700284071001//CSID/NL08ZZZ200733
050000//CNTP/NL19VOWA0460929070/VOWANL21XXX/VWPFS B.V.///REMI/UST
D//25VTA0134296/
:61:2508010801D184,74NTRFTFS2009634646484//08014710904348
/TRCD/00500/
:86:/CNTP///ING Trade Finance Services NL/Foppingadreef 7//REMI/USTD/
/ING - Trade Finance Services ING ref: NLNTFSBGI0058526 Uw ref: B
G1236413649 Per. 2025-05-01 t/m 2025-08-01 Bankgarantie provisie
1,5./
:61:2508010801C322,14NCMIPPM14082540//08024713086118
/TRCD/05001/
:86:/CNTP/NL40INGB0007041500//Unit4 Group Holding B.V.///REMI/USTD//P
OOL-M NL40INGB0007041500 POOL-S NL87INGB0682431478 PPM14082540 01
/08/2025/
:62F:C250801EUR0,00
:64:C250801EUR0,00
:86:/NAME/Unit4 Group Holding B.V.//BIC/INGBNL2A//SUM/2/1/322,14/322,
14/
-
:20:P250803004538253
:25:NL87INGB0682431478EUR
:28C:214
:60F:C250801EUR0,00
:62F:C250802EUR0,00
:64:C250802EUR0,00
:86:/NAME/Unit4 Group Holding B.V.//BIC/INGBNL2A//SUM/0/0/0,00/0,00/
-
:20:P250804004564874
:25:NL87INGB0682431478EUR
:28C:215
:60F:C250802EUR0,00
:62F:C250803EUR0,00
:64:C250803EUR0,00
:86:/NAME/Unit4 Group Holding B.V.//BIC/INGBNL2A//SUM/0/0/0,00/0,00/
-
:20:P250805004676308
:25:NL87INGB0682431478EUR
:28C:216
:60F:C250803EUR0,00
:61:2508040804C4451,49NTRFEREF//08044714596607
/TRCD/00100/
:86:/EREF/280035221797//CNTP/NL48INGB0006808944/INGBNL2A/NATIONALE-NE
D SCHADEVERZ MIJNV///REMI/USTD//P81008513 Unit4 Group Holding B.V
. Polisnr.: 81008513/
:61:2508040804D4451,49NCMIPPS14093819//08054717379690
/TRCD/05001/
:86:/CNTP/NL40INGB0007041500/INGBNL2A/Unit4 Group Holding B.V.///REMI
/USTD//POOL-M NL40INGB0007041500POOL-S NL87INGB0682431478PPS14093
81904/08/2025/
:62F:C250804EUR0,00
:64:C250804EUR0,00
:86:/NAME/Unit4 Group Holding B.V.//BIC/INGBNL2A//SUM/1/1/4451,49/445
1,49/
-
:20:P250806004817843
:25:NL87INGB0682431478EUR
:28C:217
:60F:C250804EUR0,00
:61:2508050805C200000,00NTRFNONREF//08054718477516
/TRCD/00100/
:86:/CNTP/DK8550610001143434/JYBADKKK/Scanmarket A S///REMI/USTD//Man
ual Funding from W1 to VT/
:61:2508050805C8321,63NTRFEREF//08054718598407
/TRCD/00100/
:86:/EREF/781048740//CNTP/IE36BOFA99006155677062/BOFAIE3X/LINKEDIN IR
ELAND UNLIMITED COMPANY///REMI/USTD//REFUND FROM LINKEDIN OVERPAY
MENT 8,6022082K2798 8823543/
:61:2508050805C153,68NTRFEREF//08054718598408
/TRCD/00100/
:86:/EREF/781048739//CNTP/IE36BOFA99006155677062/BOFAIE3X/LINKEDIN IR
ELAND UNLIMITED COMPANY///REMI/USTD//REFUND FROM LINKEDIN OVERPAY
MENT 13REFUND FROM LINKEDIN OVERPAYMENT 226022005D1V37 8823545 60
22121K3067 8823547/
:61:2508050805C5003,27NTRFEREF//08054718598409
/TRCD/00100/
:86:/EREF/781048750//CNTP/IE36BOFA99006155677062/BOFAIE3X/LINKEDIN IR
ELAND UNLIMITED COMPANY///REMI/USTD//REFUND FROM LINKEDIN DUPLICA
TE PAYM6022103K3J63 8823544/
:61:2508050805D1959,00NTRFEREF//08054718752011
/TRCD/00100/
:86:/EREF/UNIT4 INV PSI0052445//CNTP/GB95COUT18009110357890/COUTGB22/
Learnlight UK Limited///REMI/USTD//MP SUP 100663/
:61:2508050805D2330558,99NTRFPREF//08054718752012
/TRCD/00200/
:86:/PREF/VT--0025080448-ING478T-S-250804//REMI/USTD//TOTAAL 14 VZ/
:61:2508050805D1541,31NTRFEREF//08054719002840
/TRCD/00100/
:86:/EREF/Unit4 inv August 2025 Statement//CNTP/DE1420220800008066783
4/SXPYDEHH/Navan Inc///REMI/USTD//MP SUP 100021 NAVAN/
:61:2508050805C2120580,72NCMIPPM14101083//08064719267194
/TRCD/05001/
:86:/CNTP/NL40INGB0007041500/INGBNL2A/Unit4 Group Holding B.V.///REMI
/USTD//POOL-M NL40INGB0007041500POOL-S NL87INGB0682431478PPM14101
08305/08/2025/
:62F:C250805EUR0,00
:64:C250805EUR0,00
:86:/NAME/Unit4 Group Holding B.V.//BIC/INGBNL2A//SUM/3/5/2334059,30/
2334059,30/
-
:20:P250807004979791
:25:NL87INGB0682431478EUR
:28C:218
:60F:C250805EUR0,00
:61:2508060806C3782,97NTRFEREF//08064719517714
/TRCD/00100/
:86:/EREF/102424R25539301.1207.6440269//CNTP/NL96INGB0009611671/INGBN
L2A/BeFrank PPI NV///REMI/USTD//102424 25539301 XX102424/25539301
XX NOTA 1 AUG 2025 102424-76 3364 DA Sliedrecht/
:61:2508060806D150000,00NTRFFXN82326358//08064720326155
/TRCD/00500/
:86:/CNTP//INGBNL2A/ING BANK N.V. BASE ENTITY U0493 FM SSC LONDON///R
EMI/USTD//Trans.Reference: FXN82326358 ING-id: XX25080661400558 N
L53INGB0050912038 ING BANK N.V. BASE ENTITY U0493 FM FXForward tr
ade 82326358 with ING Bank N.V. Amsterdam ING sells DKK 1119273.4
7 Exchange Rate 7.4618231/
:61:2508060806D6041,00NTRFEREF//08064720949171
/TRCD/00100/
:86:/EREF/IT team - Fee Recrutamento Direto//CNTP/PT50003300004566340
087105/BCOMPTPL/GBL Personnel LDA///REMI/USTD//MP VT-455 Dummy Su
pplier 99999999/
:61:2508060806D1000000,00NTRFEREF//08064721021901
/TRCD/00100/
:86:/EREF/HSBC Euro Liquidity Fund//CNTP/BE05515367846075/IRVTBEBB/BN
Y Mell///REMI/USTD//MP VT-460 125111/
:61:2508060806C1152258,03NCMIPPM14108114//08074721234932
/TRCD/05001/
:86:/CNTP/NL40INGB0007041500/INGBNL2A/Unit4 Group Holding B.V.///REMI
/USTD//POOL-M NL40INGB0007041500POOL-S NL87INGB0682431478PPM14108
11406/08/2025/
:62F:C250806EUR0,00
:64:C250806EUR0,00
:86:/NAME/Unit4 Group Holding B.V.//BIC/INGBNL2A//SUM/3/2/1156041,00/
1156041,00/
-
:20:P250808005128007
:25:NL87INGB0682431478EUR
:28C:219
:60F:C250806EUR0,00
:61:2508070807C450000,00NTRFFRS07085HSK169J5//08074721541857
/TRCD/00500/
:86:/CNTP/NL58HSBC0786448784/HSBCNL2AXXX/UNIT4 GROUP HOLDING B.V./336
4 DA SLIEDRECHT//REMI/USTD//Trans.Reference: FRS07085HSK169J5 ING
 id: XX25080761453267 NL58HSBC0786448784 UNIT4 GROUP HOLDING B.V.
 3364 DA SLIEDRECHT MF VT - VT ING/
:61:2508070807D450000,00NCMIPPS14115269//08084723122711
/TRCD/05001/
:86:/CNTP/NL40INGB0007041500/INGBNL2A/Unit4 Group Holding B.V.///REMI
/USTD//POOL-M NL40INGB0007041500POOL-S NL87INGB0682431478PPS14115
26907/08/2025/
:62F:C250807EUR0,00
:64:C250807EUR0,00
:86:/NAME/Unit4 Group Holding B.V.//BIC/INGBNL2A//SUM/1/1/450000,00/4
50000,00/
-
:20:P250809005263770
:25:NL87INGB0682431478EUR
:28C:220
:60F:C250807EUR0,00
:61:2508080808D1646,57NDDTEREF//08084723392447
/TRCD/01018/
:86:/EREF/E2E-ID-NL-229431138//MARF/MANDATE-NL-200478800-1//CSID/NL39
ZZZ243458990000//CNTP/NL85INGB0654416265/INGBNL2A/Transip B.V.///
REMI/USTD//FACTUUR F0000.2508.0004.4712/
:61:2508080808C1646,57NCMIPPM14122464//08094725133658
/TRCD/05001/
:86:/CNTP/NL40INGB0007041500/INGBNL2A/Unit4 Group Holding B.V.///REMI
/USTD//POOL-M NL40INGB0007041500POOL-S NL87INGB0682431478PPM14122
46408/08/2025/
:62F:C250808EUR0,00
:64:C250808EUR0,00
:86:/NAME/Unit4 Group Holding B.V.//BIC/INGBNL2A//SUM/1/1/1646,57/164
6,57/
-
:20:P250810005297900
:25:NL87INGB0682431478EUR
:28C:221
:60F:C250808EUR0,00
:62F:C250809EUR0,00
:64:C250809EUR0,00
:86:/NAME/Unit4 Group Holding B.V.//BIC/INGBNL2A//SUM/0/0/0,00/0,00/
-
:20:P250811005337367
:25:NL87INGB0682431478EUR
:28C:222
:60F:C250809EUR0,00
:62F:C250810EUR0,00
:64:C250810EUR0,00
:86:/NAME/Unit4 Group Holding B.V.//BIC/INGBNL2A//SUM/0/0/0,00/0,00/
-
:20:P250812005487731
:25:NL87INGB0682431478EUR
:28C:223
:60F:C250810EUR0,00
:61:2508110811D15341,74NDDTEREF//08114726612724
/TRCD/01018/
:86:/EREF/7068800002221662025-08-11//MARF/80000019418000//CSID/NL92ZZ
Z330314310200//CNTP/NL47INGB0667841555/INGBNL2A/ING Commercial Ca
rds///REMI/USTD//7068 80000222166 2025-08-11 ING CORPORATE CARD/
:61:2508110811C15341,74NCMIPPM14133073//08124728841997
/TRCD/05001/
:86:/CNTP/NL40INGB0007041500/INGBNL2A/Unit4 Group Holding B.V.///REMI
/USTD//POOL-M NL40INGB0007041500POOL-S NL87INGB0682431478PPM14133
07311/08/2025/
:62F:C250811EUR0,00
:64:C250811EUR0,00
:86:/NAME/Unit4 Group Holding B.V.//BIC/INGBNL2A//SUM/1/1/15341,74/15
341,74/
-
:20:P250813005637641
:25:NL87INGB0682431478EUR
:28C:224
:60F:C250811EUR0,00
:62F:C250812EUR0,00
:64:C250812EUR0,00
:86:/NAME/Unit4 Group Holding B.V.//BIC/INGBNL2A//SUM/0/0/0,00/0,00/
-
:20:P250814005740346
:25:NL87INGB0682431478EUR
:28C:225
:60F:C250812EUR0,00
:61:2508130813D270251,26NTRFPREF//08134731607916
/TRCD/00200/
:86:/PREF/VT--0025081221-ING478T-S-250812//REMI/USTD//TOTAAL 17 VZ/
:61:2508130813D28466,28NTRFVT--002508122100//08134731607917
/TRCD/00500/
:86:/CNTP/556260761/CHASUS33XXX/MARKET RESOURCE PARTNERS, LLC/GB//REM
I/USTD//Trans.Reference: VT--002508122100 ING-id: XX2508136181320
7 556260761 MARKET RESOURCE PARTNERS, LLC /GB/ INV001447/
:61:2508130813D17232,00NTRFVT--002508122100//08134731607918
/TRCD/00500/
:86:/CNTP/1499982858/BOFAUS3NXXX/GLOBALLOGIC INC./110 San Jose//REMI/
USTD//Trans.Reference: VT--002508122100 ING-id: XX25081361813204
1499982858 GLOBALLOGIC INC. 110 San Jose 110141525COR/
:61:2508130813D45869,10NTRFVT--002508122100//08134731607919
/TRCD/00500/
:86:/CNTP/GB67NWBK60090469695709/NWBKGB2L/RIVIERA PARTNERS/Fransico//
REMI/USTD//Trans.Reference: VT--002508122100 ING-id: XX2508136181
3202 GB67NWBK60090469695709 RIVIERA PARTNERS Fransico 15785/
:61:2508130813D12,50NCHGVT--002508122100//08134731607920
/TRCD/09003/
:86:/REMI/USTD//Trans.Reference: VT--002508122100 ING-id: XX250813618
13207 Transfer provisie: EUR 12,50/
:61:2508130813D12,50NCHGVT--002508122100//08134731607921
/TRCD/09003/
:86:/REMI/USTD//Trans.Reference: VT--002508122100 ING-id: XX250813618
13204 Transfer provisie: EUR 12,50/
:61:2508130813D100000,00NTRFEREF//08134732219416
/TRCD/00100/
:86:/EREF/MF VT to T5//CNTP/AT141936000454420925/INGBATWW/prevero sof
tware GmbH///REMI/USTD//MF VT to T5/
:61:2508130813C461843,64NCMIPPM14146638//08144732486895
/TRCD/05001/
:86:/CNTP/NL40INGB0007041500/INGBNL2A/Unit4 Group Holding B.V.///REMI
/USTD//POOL-M NL40INGB0007041500POOL-S NL87INGB0682431478PPM14146
63813/08/2025/
:62F:C250813EUR0,00
:64:C250813EUR0,00
:86:/NAME/Unit4 Group Holding B.V.//BIC/INGBNL2A//SUM/7/1/461843,64/4
61843,64/
-
:20:P250815005886099
:25:NL87INGB0682431478EUR
:28C:226
:60F:C250813EUR0,00
:62F:C250814EUR0,00
:64:C250814EUR0,00
:86:/NAME/Unit4 Group Holding B.V.//BIC/INGBNL2A//SUM/0/0/0,00/0,00/
-
:20:P250816005994226
:25:NL87INGB0682431478EUR
:28C:227
:60F:C250814EUR0,00
:62F:C250815EUR0,00
:64:C250815EUR0,00
:86:/NAME/Unit4 Group Holding B.V.//BIC/INGBNL2A//SUM/0/0/0,00/0,00/
-
:20:P250817006038050
:25:NL87INGB0682431478EUR
:28C:228
:60F:C250815EUR0,00
:62F:C250816EUR0,00
:64:C250816EUR0,00
:86:/NAME/Unit4 Group Holding B.V.//BIC/INGBNL2A//SUM/0/0/0,00/0,00/
-
:20:P250818006065768
:25:NL87INGB0682431478EUR
:28C:229
:60F:C250816EUR0,00
:62F:C250817EUR0,00
:64:C250817EUR0,00
:86:/NAME/Unit4 Group Holding B.V.//BIC/INGBNL2A//SUM/0/0/0,00/0,00/
-
:20:P250819006236527
:25:NL87INGB0682431478EUR
:28C:230
:60F:C250817EUR0,00
:61:2508180818D28200,41NDDTEREF//08184737505796
/TRCD/01018/
:86:/EREF/JENT202508142567BC0010002//MARF/52146//CSID/NL42ZZZ56847726
0001//CNTP/NL20ABNA0527353795/ABNANL2A/J T AUTOLEASE BV///REMI/US
TD//Nr 796918,796919//PURP/OTHR/
:61:2508180818D750,58NTRFTFS2009682330341//08184737505797
/TRCD/00500/
:86:/CNTP///ING Trade Finance Services NL/Foppingadreef 7//REMI/USTD/
/ING - Trade Finance Services ING ref: NLNTFSBGI0060139 Uw ref: B
G1236599096 Per. 2025-05-17 t/m 2025-08-17 Bankgarantie provisie
1,9./
:61:2508180818D45214,40NDDTEREF//08184737505798
/TRCD/01018/
:86:/EREF/7068800002103322025-08-18//MARF/80000018234000//CSID/NL92ZZ
Z330314310200//CNTP/NL47INGB0667841555/INGBNL2A/ING Commercial Ca
rds///REMI/USTD//7068 80000210332 2025-08-18 ING CORPORATE CARD/
:61:2508180818C74165,39NCMIPPM14170890//08194739716184
/TRCD/05001/
:86:/CNTP/NL40INGB0007041500/INGBNL2A/Unit4 Group Holding B.V.///REMI
/USTD//POOL-M NL40INGB0007041500POOL-S NL87INGB0682431478PPM14170
89018/08/2025/
:62F:C250818EUR0,00
:64:C250818EUR0,00
:86:/NAME/Unit4 Group Holding B.V.//BIC/INGBNL2A//SUM/3/1/74165,39/74
165,39/
-
:20:P250820006343223
:25:NL87INGB0682431478EUR
:28C:231
:60F:C250818EUR0,00
:61:2508190819C519019,00NTRFEREF//08194739958079
/TRCD/00100/
:86:/EREF/COAXX850190861202508142234568861796//CNTP/NL36INGB000344558
8/INGBNL2A/BELASTINGDIENST///REMI/USTD//TERUGGAAF NR. 862704923V3
00112 VPB.2023 (BOCK )/
:61:2508190819D500000,00NTRFNONREF//08194739958080
/TRCD/00100/
:86:/CNTP/DE27500210000025010331/INGBDEFF/UNIT4 Business Software Gmb
H///REMI/USTD//Funding VT to E5 for VAT reasons/
:61:2508190819C895000,00NTRFFRS19085HTL5OZ0G//08194740809422
/TRCD/00500/
:86:/CNTP/NL58HSBC0786448784/HSBCNL2AXXX/UNIT4 GROUP HOLDING B.V./336
4 DA SLIEDRECHT//REMI/USTD//Trans.Reference: FRS19085HTL5OZ0G ING
 id: XX25081962141625 NL58HSBC0786448784 UNIT4 GROUP HOLDING B.V.
 3364 DA SLIEDRECHT MF VT HSBC TOING/
:61:2508190819C774,24NTRFEREF//08194741380144
/TRCD/00100/
:86:/EREF/MF from EUR CLoud to VT ING//CNTP/GB57INGB23885920731839/IN
GBGB22/UNIT4 CLOUD SOLUTIONS, LTD.///REMI/USTD//MF from EUR CLoud
 to VT ING/
:61:2508190819D159261,16NTRFPREF//08194741380145
/TRCD/00200/
:86:/PREF/VT--0002508195-ING478T-S-250819//REMI/USTD//TOTAAL 15 VZ/
:61:2508190819D957080,00NTRF1270492509301120//08194741380146
/TRCD/00100/
:86:/EREF/1270 4925 0930 1120//CNTP/NL86INGB0002445588/INGBNL2A/Belas
tingdienst///REMI/STRD/CUR/1270492509301120/
:61:2508190819D144540,00NTRF8862381316501080//08194741380147
/TRCD/00100/
:86:/EREF/Loonheffingennummer: 862381319L01//CNTP/NL86INGB0002445588/
INGBNL2A/Belastingdienst (Wage Tax)///REMI/STRD/CUR/8862381316501
080/
:61:2508190819D20025,00NTRFVT--000250819500//08194741380148
/TRCD/00500/
:86:/CNTP/653826102/CHASUS33XXX/DEMAND WORKS MEDIA LLC/0611 Chicago//
REMI/USTD//Trans.Reference: VT--000250819500 ING-id: XX2508196216
9480 653826102 DEMAND WORKS MEDIA LLC 0611 Chicago 18316/
:61:2508190819D12,50NCHGVT--000250819500//08194741380149
/TRCD/09003/
:86:/REMI/USTD//Trans.Reference: VT--000250819500 ING-id: XX250819621
69480 Transfer provisie: EUR 12,50/
:61:2508190819C366125,42NCMIPPM14177766//08204741652770
/TRCD/05001/
:86:/CNTP/NL40INGB0007041500/INGBNL2A/Unit4 Group Holding B.V.///REMI
/USTD//POOL-M NL40INGB0007041500POOL-S NL87INGB0682431478PPM14177
76619/08/2025/
:62F:C250819EUR0,00
:64:C250819EUR0,00
:86:/NAME/Unit4 Group Holding B.V.//BIC/INGBNL2A//SUM/6/4/1780918,66/
1780918,66/
-
:20:P250821006488401
:25:NL87INGB0682431478EUR
:28C:232
:60F:C250819EUR0,00
:61:2508200820C1158400,00NTRFSXN82744183//08204741942986
/TRCD/00500/
:86:/CNTP//INGBNL2A/ING Bank N.V. Internal LORO///REMI/USTD//Trans.Re
ference: SXN82744183 ING-id: XX25082062180337 NL53INGB0050912038
ING Bank N.V. Internal LORO FX trade 82744183 with ING Bank N.V.
Amsterdam ING buys GBP 1000000.00 Exchange Rate 1.1584/
:61:2508200820D1158400,00NCMIPPS14184587//08214743813919
/TRCD/05001/
:86:/CNTP/NL40INGB0007041500/INGBNL2A/Unit4 Group Holding B.V.///REMI
/USTD//POOL-M NL40INGB0007041500 POOL-S NL87INGB0682431478 PPS141
84587 20/08/2025/
:62F:C250820EUR0,00
:64:C250820EUR0,00
:86:/NAME/Unit4 Group Holding B.V.//BIC/INGBNL2A//SUM/1/1/1158400,00/
1158400,00/
-
:20:P250822006624439
:25:NL87INGB0682431478EUR
:28C:233
:60F:C250820EUR0,00
:61:2508210821D134686,55NTRFPREF//08214744069855
/TRCD/00200/
:86:/PREF/BPJUHGPFMDRO614RA-1//REMI/USTD//TOTAAL 29 VZ/
:61:2508210821C134686,55NCMIPPM14191560//08224745869075
/TRCD/05001/
:86:/CNTP/NL40INGB0007041500/INGBNL2A/Unit4 Group Holding B.V.///REMI
/USTD//POOL-M NL40INGB0007041500 POOL-S NL87INGB0682431478 PPM141
91560 21/08/2025/
:62F:C250821EUR0,00
:64:C250821EUR0,00
:86:/NAME/Unit4 Group Holding B.V.//BIC/INGBNL2A//SUM/1/1/134686,55/1
34686,55/
-
:20:P250823006721491
:25:NL87INGB0682431478EUR
:28C:234
:60F:C250821EUR0,00
:61:2508220822C1686141,00NTRFEREF//08224746128555
/TRCD/00100/
:86:/EREF/COAXX447213191202508192124116360310//CNTP/NL36INGB000344558
8/INGBNL2A/BELASTINGDIENST///REMI/USTD//TERUGGAAF NR. 813372288O3
55240 OB.2EKWART25 (UNIT4BUSINES)/
:61:2508220822D250000,00NTRFEREF//08224746128556
/TRCD/00100/
:86:/EREF/MF from VT to K2 - Payroll purpose//CNTP/FR7630438000083266
403000015/INGBFRPP/Unit4 France///REMI/USTD//MF from VT to K2 - P
ayroll purpose/
:61:2508220822D1436141,00NCMIPPS14199162//08234748168396
/TRCD/05001/
:86:/CNTP/NL40INGB0007041500/INGBNL2A/Unit4 Group Holding B.V.///REMI
/USTD//POOL-M NL40INGB0007041500 POOL-S NL87INGB0682431478 PPS141
99162 22/08/2025/
:62F:C250822EUR0,00
:64:C250822EUR0,00
:86:/NAME/Unit4 Group Holding B.V.//BIC/INGBNL2A//SUM/2/1/1686141,00/
1686141,00/
-
:20:P250824006777072
:25:NL87INGB0682431478EUR
:28C:235
:60F:C250822EUR0,00
:62F:C250823EUR0,00
:64:C250823EUR0,00
:86:/NAME/Unit4 Group Holding B.V.//BIC/INGBNL2A//SUM/0/0/0,00/0,00/
-
:20:P250825006812844
:25:NL87INGB0682431478EUR
:28C:236
:60F:C250823EUR0,00
:62F:C250824EUR0,00
:64:C250824EUR0,00
:86:/NAME/Unit4 Group Holding B.V.//BIC/INGBNL2A//SUM/0/0/0,00/0,00/
-
:20:P250826006955442
:25:NL87INGB0682431478EUR
:28C:237
:60F:C250824EUR0,00
:62F:C250825EUR0,00
:64:C250825EUR0,00
:86:/NAME/Unit4 Group Holding B.V.//BIC/INGBNL2A//SUM/0/0/0,00/0,00/
-
:20:P250827007075586
:25:NL87INGB0682431478EUR
:28C:238
:60F:C250825EUR0,00
:61:2508260826D1616,69NCHGEREF//08264753093953
/TRCD/09001/
:86:/EREF/0a5dcff780bc4c26929a85f1474dab58//CNTP//INGBNL2A////REMI/US
TD//Kosten Zakelijk Betalingsverkeer Factuurnr. 2323832875 Betref
t IBAN: NL87INGB0682431478 Periode: 01-07-2025 / 31-07-2025/
:61:2508260826D449303,47NTRFPREF//08264755065457
/TRCD/00200/
:86:/PREF/VT--0002508261-ING478T-S-250826//REMI/USTD//TOTAAL 23 VZ/
:61:2508260826D2798000,00NTRFEREF//08264755065458
/TRCD/00100/
:86:/EREF/HSBC Euro Liquidity Fund//CNTP/BE05515367846075/IRVTBEBB/BN
Y Mell///REMI/USTD//MP VT-467 125111/
:61:2508260826C3248920,16NCMIPPM14218607//08274755213785
/TRCD/05001/
:86:/CNTP/NL40INGB0007041500/INGBNL2A/Unit4 Group Holding B.V.///REMI
/USTD//POOL-M NL40INGB0007041500 POOL-S NL87INGB0682431478 PPM142
18607 26/08/2025/
:62F:C250826EUR0,00
:64:C250826EUR0,00
:86:/NAME/Unit4 Group Holding B.V.//BIC/INGBNL2A//SUM/3/1/3248920,16/
3248920,16/
-
:20:P250828007213965
:25:NL87INGB0682431478EUR
:28C:239
:60F:C250826EUR0,00
:61:2508270827D21,50NCHGUnit4 inv 138//08274755542194
/TRCD/09003/
:86:/REMI/USTD//Trans.Reference: Unit4 inv 138 ING-id: XX250827625543
68 Transfer provisie: EUR 21,50/
:61:2508270827D10000,00NTRFVT--000250826100//08274755542195
/TRCD/00500/
:86:/CNTP/AD7500031101124610710101/CRDAADAD/TVST CONSULTING S.L./D400
, Andorra//REMI/USTD//Trans.Reference: VT--000250826100 ING-id: X
X25082762554470 AD7500031101124610710101 TVST CONSULTING S.L. D40
0, Andorra 07/25-VS/
:61:2508270827D256519,69NTRFVT--000250826100//08274755542196
/TRCD/00500/
:86:/CNTP/1416917109/BOFAUS3NXXX/6SENSE INSIGHTS, INC/San Francisco//
REMI/USTD//Trans.Reference: VT--000250826100 ING-id: XX2508276255
4437 1416917109 6SENSE INSIGHTS, INC San Francisco CINV12313/
:61:2508270827D12,50NCHGVT--000250826100//08274755542197
/TRCD/09003/
:86:/REMI/USTD//Trans.Reference: VT--000250826100 ING-id: XX250827625
54470 Transfer provisie: EUR 12,50/
:61:2508270827D12,50NCHGVT--000250826100//08274755542198
/TRCD/09003/
:86:/REMI/USTD//Trans.Reference: VT--000250826100 ING-id: XX250827625
54437 Transfer provisie: EUR 12,50/
:61:2508270827D400000,00NTRFEREF//08274755542199
/TRCD/00100/
:86:/EREF/MF from VT to I8//CNTP/ES4914659000120001807934/BBRUESMX/UN
IT4 RD Spain, s.l.///REMI/USTD//Manual funding payroll purpose -
MF from VT to I8/
:61:2508270827D950000,00NTRFEREF//08274755542200
/TRCD/00100/
:86:/EREF/MF VT TO G2//CNTP/PT50050000003110020035838/BBRUPTPL/UNIT4
Portugal Unipessoal LDA ING///REMI/USTD//MF VT TO G2/
:61:2508270827D20000,00NTRFUnit4 inv 138//08274755713401
/TRCD/00500/
:86:/CNTP/860310512/CHASUS33XXX/JADE PLUS, LLC/US//REMI/USTD//Trans.R
eference: Unit4 inv 138 ING-id: XX25082762554368 860310512 JADE P
LUS, LLC /US/ VQ Sup. 100000 Jade Plus inv 138/
:61:2508270827C1636566,19NCMIPPM14226758//08284757587609
/TRCD/05001/
:86:/CNTP/NL40INGB0007041500/INGBNL2A/Unit4 Group Holding B.V.///REMI
/USTD//POOL-M NL40INGB0007041500 POOL-S NL87INGB0682431478 PPM142
26758 27/08/2025/
:62F:C250827EUR0,00
:64:C250827EUR0,00
:86:/NAME/Unit4 Group Holding B.V.//BIC/INGBNL2A//SUM/8/1/1636566,19/
1636566,19/
-
:20:P250829007319019
:25:NL87INGB0682431478EUR
:28C:240
:60F:C250827EUR0,00
:61:2508280828D32098,17NDDTEREF//08284757819413
/TRCD/01018/
:86:/EREF/102424C25541391.1214.6478636//MARF/102424-M003//CSID/NL62ZZ
Z504817700001//CNTP/NL96INGB0009611671/INGBNL2A/BeFrank PPI NV///
REMI/USTD//102424/25541391 XX102424/25541391XX VLP 1 SEP 2025 102
424-75 3311KJ Dordrecht/
:61:2508280828C799000,00NTRFFRS28085G6LYARGJ//08284758050156
/TRCD/00500/
:86:/CNTP/NL58HSBC0786448784/HSBCNL2AXXX/UNIT4 GROUP HOLDING B.V./336
4 DA SLIEDRECHT//REMI/USTD//Trans.Reference: FRS28085G6LYARGJ ING
 id: XX25082862626445 NL58HSBC0786448784 UNIT4 GROUP HOLDING B.V.
 3364 DA SLIEDRECHT MF VT TO VT ING/
:61:2508280828D766901,83NCMIPPS14234250//08294759908256
/TRCD/05001/
:86:/CNTP/NL40INGB0007041500/INGBNL2A/Unit4 Group Holding B.V.///REMI
/USTD//POOL-M NL40INGB0007041500 POOL-S NL87INGB0682431478 PPS142
34250 28/08/2025/
:62F:C250828EUR0,00
:64:C250828EUR0,00
:86:/NAME/Unit4 Group Holding B.V.//BIC/INGBNL2A//SUM/2/1/799000,00/7
99000,00/
-
:20:P250830007445707
:25:NL87INGB0682431478EUR
:28C:241
:60F:C250828EUR0,00
:61:2508290829D13545,95NTRFEREF//08294762189215
/TRCD/00100/
:86:/EREF/UNIT4 INV 1H00008608//CNTP/NL87CHAS0626001497/CHASNL2X/Vial
to Partners Netherlands B.V.///REMI/USTD//MP SUP 100578/
:61:2508290829C13545,95NCMIPPM14242122//08304762433491
/TRCD/05001/
:86:/CNTP/NL40INGB0007041500/INGBNL2A/Unit4 Group Holding B.V.///REMI
/USTD//POOL-M NL40INGB0007041500 POOL-S NL87INGB0682431478 PPM142
42122 29/08/2025/
:62F:C250829EUR0,00
:64:C250829EUR0,00
:86:/NAME/Unit4 Group Holding B.V.//BIC/INGBNL2A//SUM/1/1/13545,95/13
545,95/
-
:20:P250831007517061
:25:NL87INGB0682431478EUR
:28C:242
:60F:C250829EUR0,00
:62F:C250830EUR0,00
:64:C250830EUR0,00
:86:/NAME/Unit4 Group Holding B.V.//BIC/INGBNL2A//SUM/0/0/0,00/0,00/
-
:20:P250901007536771
:25:NL87INGB0682431478EUR
:28C:243
:60F:C250830EUR0,00
:62F:C250831EUR0,00
:64:C250831EUR0,00
:86:/NAME/Unit4 Group Holding B.V.//BIC/INGBNL2A//SUM/0/0/0,00/0,00/
-
:20:P250902007679507
:25:NL87INGB0682431478EUR
:28C:244
:60F:C250831EUR0,00
:61:2509010901D137,40NDDTEREF//09014764197036
/TRCD/01018/
:86:/EREF/SDD-6515439-63508605//MARF/700284071001//CSID/NL08ZZZ200733
050000//CNTP/NL19VOWA0460929070/VOWANL21XXX/VWPFS B.V.///REMI/UST
D//25VTA0161181/
:61:2509010901C150000,00NTRF2025090132255598//09014764360076
/TRCD/00500/
:86:/CNTP/FI7633010001147461/ESSEFIHXXXX/UNIT4 OY/02130 ESPOO//REMI/U
STD//Trans.Reference: 2025090132255598 ING-id: XX25090162765362 F
I7633010001147461 UNIT4 OY 02130 ESPOO MANUAL FUNDING FROM S8 TO
VT/
:61:2509010901C2076294,60NTRFFXN83226643//09014766333940
/TRCD/00500/
:86:/CNTP//INGBNL2A/ING Bank N.V. Internal LORO///REMI/USTD//Trans.Re
ference: FXN83226643 ING-id: XX25090162818840 NL53INGB0050912038
ING Bank N.V. Internal LORO FXForward trade 83226643 with ING Ban
k N.V. Amsterdam ING buys GBP 1800000.00 Exchange Rate 1.153497/
:61:2509010901D2226157,20NCMIPPS14254432//09024766972878
/TRCD/05001/
:86:/CNTP/NL40INGB0007041500/INGBNL2A/Unit4 Group Holding B.V.///REMI
/USTD//POOL-M NL40INGB0007041500 POOL-S NL87INGB0682431478 PPS142
54432 01/09/2025/
:62F:C250901EUR0,00
:64:C250901EUR0,00
:86:/NAME/Unit4 Group Holding B.V.//BIC/INGBNL2A//SUM/2/2/2226294,60/
2226294,60/
-
:20:P250903007811937
:25:NL87INGB0682431478EUR
:28C:245
:60F:C250901EUR0,00
:61:2509020902D2279740,44NTRFPREF//09024768729140
/TRCD/00200/
:86:/PREF/VT--0025090231-ING478T-S-250902//REMI/USTD//TOTAAL 13 VZ/
:61:2509020902D20000,00NTRFPREF//09024768827004
/TRCD/00200/
:86:/PREF/VT--0025090231-ING478T-N-250902//REMI/USTD//TOTAAL 1 VZ/
:61:2509020902C2299740,44NCMIPPM14262796//09034769208106
/TRCD/05001/
:86:/CNTP/NL40INGB0007041500/INGBNL2A/Unit4 Group Holding B.V.///REMI
/USTD//POOL-M NL40INGB0007041500 POOL-S NL87INGB0682431478 PPM142
62796 02/09/2025/
:62F:C250902EUR0,00
:64:C250902EUR0,00
:86:/NAME/Unit4 Group Holding B.V.//BIC/INGBNL2A//SUM/2/1/2299740,44/
2299740,44/
-
:20:P250904007937618
:25:NL87INGB0682431478EUR
:28C:246
:60F:C250902EUR0,00
:61:2509030903C200000,00NTRFNONREF//09034770434451
/TRCD/00100/
:86:/CNTP/DK8550610001143434/JYBADKKK/Scanmarket A S///REMI/USTD//Man
ual Funding from W1 to VT/
:61:2509030903D200000,00NCMIPPS14270367//09044771305555
/TRCD/05001/
:86:/CNTP/NL40INGB0007041500/INGBNL2A/Unit4 Group Holding B.V.///REMI
/USTD//POOL-M NL40INGB0007041500 POOL-S NL87INGB0682431478 PPS142
70367 03/09/2025/
:62F:C250903EUR0,00
:64:C250903EUR0,00
:86:/NAME/Unit4 Group Holding B.V.//BIC/INGBNL2A//SUM/1/1/200000,00/2
00000,00/
-
:20:P250905008058594
:25:NL87INGB0682431478EUR
:28C:247
:60F:C250903EUR0,00
:61:2509040904C447748,64NTRFFXN83315708//09044771538270
/TRCD/00500/
:86:/CNTP//INGBNL2A/ING Bank N.V. Internal LORO///REMI/USTD//Trans.Re
ference: FXN83315708 ING-id: XX25090462979390 NL53INGB0050912038
ING Bank N.V. Internal LORO FXForward trade 83315708 with ING Ban
k N.V. Amsterdam ING buys AUD 800000.00 Exchange Rate 0.5596858/
:61:2509040904C2028,60NTRFEREF//09044771538271
/TRCD/00100/
:86:/EREF/102424R25543484.1219.6526842//CNTP/NL96INGB0009611671/INGBN
L2A/BeFrank PPI NV///REMI/USTD//102424 25543484 XX102424/25543484
XX NOTA 1 SEP 2025 102424-78 3311KJ Dordrecht/
:61:2509040904D449777,24NCMIPPS14276828//09054773295170
/TRCD/05001/
:86:/CNTP/NL40INGB0007041500/INGBNL2A/Unit4 Group Holding B.V.///REMI
/USTD//POOL-M NL40INGB0007041500 POOL-S NL87INGB0682431478 PPS142
76828 04/09/2025/
:62F:C250904EUR0,00
:64:C250904EUR0,00
:86:/NAME/Unit4 Group Holding B.V.//BIC/INGBNL2A//SUM/1/2/449777,24/4
49777,24/
-
:20:P250906008220714
:25:NL87INGB0682431478EUR
:28C:248
:60F:C250904EUR0,00
:62F:C250905EUR0,00
:64:C250905EUR0,00
:86:/NAME/Unit4 Group Holding B.V.//BIC/INGBNL2A//SUM/0/0/0,00/0,00/
-
:20:P250907008262552
:25:NL87INGB0682431478EUR
:28C:249
:60F:C250905EUR0,00
:62F:C250906EUR0,00
:64:C250906EUR0,00
:86:/NAME/Unit4 Group Holding B.V.//BIC/INGBNL2A//SUM/0/0/0,00/0,00/
-
:20:P250908008300210
:25:NL87INGB0682431478EUR
:28C:250
:60F:C250906EUR0,00
:62F:C250907EUR0,00
:64:C250907EUR0,00
:86:/NAME/Unit4 Group Holding B.V.//BIC/INGBNL2A//SUM/0/0/0,00/0,00/
-
:20:P250909008445259
:25:NL87INGB0682431478EUR
:28C:251
:60F:C250907EUR0,00
:61:2509080908D1217,48NDDTEREF//09084776837607
/TRCD/01018/
:86:/EREF/E2E-ID-NL-229914363//MARF/MANDATE-NL-200478800-1//CSID/NL39
ZZZ243458990000//CNTP/NL85INGB0654416265/INGBNL2A/TransIP B.V.///
REMI/USTD//FACTUUR F0000.2509.0004.5128/
:61:2509080908C2586,81NTRFNONREF//09084778700579
/TRCD/00112/
:86:/CNTP/NL71RABO0399323333/RABONL2U/Alert Security B.V.///REMI/USTD
//debiteur 115619 factuur 12504216 is gecrediteerd/
:61:2509080908D96576,56NTRFPREF//09084778791928
/TRCD/00200/
:86:/PREF/VT--0002509081-ING478T-S-250908//REMI/USTD//TOTAAL 10 VZ/
:61:2509080908D51055,25NTRFVT--000250908100//09084778791929
/TRCD/00500/
:86:/CNTP/8016534967/BBFXUS6SXXX/BILLINGPLATFORM CORPORATION/Englewoo
d//REMI/USTD//Trans.Reference: VT--000250908100 ING-id: XX2509086
3186941 8016534967 BILLINGPLATFORM CORPORATION Englewood 546826:5
47881:548793/
:61:2509080908D5586,04NTRFVT--000250908100//09084778791930
/TRCD/00500/
:86:/CNTP/DE14202208000080667834/SXPYDEHH/TRIPACTIONS///REMI/USTD//Tr
ans.Reference: VT--000250908100 ING-id: XX25090863186938 DE142022
08000080667834 TRIPACTIONS Set 2025 Statement/
:61:2509080908D12,50NCHGVT--000250908100//09084778791931
/TRCD/09003/
:86:/REMI/USTD//Trans.Reference: VT--000250908100 ING-id: XX250908631
86941 Transfer provisie: EUR 12,50/
:61:2509080908C151861,02NCMIPPM14295801//09094779266839
/TRCD/05001/
:86:/CNTP/NL40INGB0007041500/INGBNL2A/Unit4 Group Holding B.V.///REMI
/USTD//POOL-M NL40INGB0007041500 POOL-S NL87INGB0682431478 PPM142
95801 08/09/2025/
:62F:C250908EUR0,00
:64:C250908EUR0,00
:86:/NAME/Unit4 Group Holding B.V.//BIC/INGBNL2A//SUM/5/2/154447,83/1
54447,83/
-
:20:P250910008548235
:25:NL87INGB0682431478EUR
:28C:252
:60F:C250908EUR0,00
:61:2509090909D12069,75NTRFNONREF//09094781074500
/TRCD/00100/
:86:/CNTP/NL44KNAB0282294333/KNABNL2H/F.P Media///REMI/USTD//MP VT 46
6 SUP 100674/
:61:2509090909C12069,75NCMIPPM14302798//09104781241008
/TRCD/05001/
:86:/CNTP/NL40INGB0007041500/INGBNL2A/Unit4 Group Holding B.V.///REMI
/USTD//POOL-M NL40INGB0007041500 POOL-S NL87INGB0682431478 PPM143
02798 09/09/2025/
:62F:C250909EUR0,00
:64:C250909EUR0,00
:86:/NAME/Unit4 Group Holding B.V.//BIC/INGBNL2A//SUM/1/1/12069,75/12
069,75/
-
:20:P250911008757427
:25:NL87INGB0682431478EUR
:28C:253
:60F:C250909EUR0,00
:61:2509100910C20000,00NTRF6d6df19e921547d2//09104783147809
/TRCD/00500/
:86:/CNTP//INGBNL2A/ING Bank N.V. Nostro Not for Payment///REMI/USTD/
/Trans.Reference: 6d6df19e921547d2 ING-id: XX25091063376255 NL81I
NGB0060910003 ING Bank N.V. Nostro Not for PaymenSRVC00397-040925
 XX25082762554368 27/08/25 Name and beneficiary account number do
 not match JADE PLUS, LLC / 860310512/
:61:2509100910D20000,00NCMIPPS14309962//09114783516132
/TRCD/05001/
:86:/CNTP/NL40INGB0007041500/INGBNL2A/Unit4 Group Holding B.V.///REMI
/USTD//POOL-M NL40INGB0007041500 POOL-S NL87INGB0682431478 PPS143
09962 10/09/2025/
:62F:C250910EUR0,00
:64:C250910EUR0,00
:86:/NAME/Unit4 Group Holding B.V.//BIC/INGBNL2A//SUM/1/1/20000,00/20
000,00/
-
:20:P250912008877159
:25:NL87INGB0682431478EUR
:28C:254
:60F:C250910EUR0,00
:61:2509110911D150000,00NTRFEREF//09114785118642
/TRCD/00100/
:86:/EREF/MF VT TO T5//CNTP/AT141936000454420925/INGBATWW/prevero sof
tware GmbH AT///REMI/USTD//MF VT TO T5/
:61:2509110911C150000,00NCMIPPM14317083//09124785388350
/TRCD/05001/
:86:/CNTP/NL40INGB0007041500/INGBNL2A/Unit4 Group Holding B.V.///REMI
/USTD//POOL-M NL40INGB0007041500 POOL-S NL87INGB0682431478 PPM143
17083 11/09/2025/
:62F:C250911EUR0,00
:64:C250911EUR0,00
:86:/NAME/Unit4 Group Holding B.V.//BIC/INGBNL2A//SUM/1/1/150000,00/1
50000,00/
-
:20:P250913008990184
:25:NL87INGB0682431478EUR
:28C:255
:60F:C250911EUR0,00
:61:2509120912D18697,35NDDTEREF//09124785622348
/TRCD/01018/
:86:/EREF/7068800002221662025-09-12//MARF/80000019418000//CSID/NL92ZZ
Z330314310200//CNTP/NL47INGB0667841555/INGBNL2A/ING Commercial Ca
rds///REMI/USTD//7068 80000222166 2025-09-12 ING CORPORATE CARD/
:61:2509120912D20000,00NTRFNONREF//09124787172931
/TRCD/00100/
:86:/CNTP/NL58HSBC0786448784/HSBCNL2A/Business Software Holdings BV//
/REMI/USTD//MF VT ING TO VT HSBC/
:61:2509120912C38697,35NCMIPPM14324489//09134787333951
/TRCD/05001/
:86:/CNTP/NL40INGB0007041500/INGBNL2A/Unit4 Group Holding B.V.///REMI
/USTD//POOL-M NL40INGB0007041500 POOL-S NL87INGB0682431478 PPM143
24489 12/09/2025/
:62F:C250912EUR0,00
:64:C250912EUR0,00
:86:/NAME/Unit4 Group Holding B.V.//BIC/INGBNL2A//SUM/2/1/38697,35/38
697,35/
-
:20:P250914009067396
:25:NL87INGB0682431478EUR
:28C:256
:60F:C250912EUR0,00
:62F:C250913EUR0,00
:64:C250913EUR0,00
:86:/NAME/Unit4 Group Holding B.V.//BIC/INGBNL2A//SUM/0/0/0,00/0,00/
-
:20:P250915009101488
:25:NL87INGB0682431478EUR
:28C:257
:60F:C250913EUR0,00
:62F:C250914EUR0,00
:64:C250914EUR0,00
:86:/NAME/Unit4 Group Holding B.V.//BIC/INGBNL2A//SUM/0/0/0,00/0,00/
-
:20:P250916009265028
:25:NL87INGB0682431478EUR
:28C:258
:60F:C250914EUR0,00
:61:2509150915C1735587,60NTRFFXN83706050//09154790408156
/TRCD/00500/
:86:/CNTP//INGBNL2A/ING Bank N.V. Internal LORO///REMI/USTD//Trans.Re
ference: FXN83706050 ING-id: XX25091563633769 NL53INGB0050912038
ING Bank N.V. Internal LORO FXForward trade 83706050 with ING Ban
k N.V. Amsterdam ING buys GBP 1500000.00 Exchange Rate 1.1570584/
:61:2509160915D17232,00NTRFVT--000250915800//09154790981812
/TRCD/00500/
:86:/CNTP/1499982858/BOFAUS3NXXX/GLOBALLOGIC INC./110 San Jose//REMI/
USTD//Trans.Reference: VT--000250915800 ING-id: XX25091563654786
1499982858 GLOBALLOGIC INC. 110 San Jose 110143857/
:61:2509150915D177488,85NTRFPREF//09154790981813
/TRCD/00200/
:86:/PREF/VT--0002509158-ING478T-S-250915//REMI/USTD//TOTAAL 16 VZ/
:61:2509150915D1500000,00NTRFEREF//09154790981814
/TRCD/00100/
:86:/EREF/HSBC Euro Liquidity Fund//CNTP/BE05515367846075/IRVTBEBB/BN
Y Mell///REMI/USTD//MP VT-475 - 125111/
:61:2509150915D114361,11NTRFNONREF//09154790981815
/TRCD/00100/
:86:/CNTP/DE44501108006169000027/CHASDEFX/JP Morgan///REMI/USTD//MP V
T-474 - 211150/
:61:2509150915D14490,00NTRFVT--000250915800//09154790981816
/TRCD/00500/
:86:/CNTP/1440020502561/BRBTUS33XXX/KHOROS, LLC/te 15 0 78730 Austin/
/REMI/USTD//Trans.Reference: VT--000250915800 ING-id: XX250915636
54787 1440020502561 KHOROS, LLC te 15 0 78730 Austin INV999949330
5/
:61:2509150915D75019,23NTRFVT--000250915800//09154790981817
/TRCD/00500/
:86:/CNTP/556260761/CHASUS33XXX/MARKET RESOURCE PARTNERS, LLC/GB//REM
I/USTD//Trans.Reference: VT--000250915800 ING-id: XX2509156365478
9 556260761 MARKET RESOURCE PARTNERS, LLC /GB/ INV002214:INV00221
5:INV002216:INV002217:INV002218/
:61:2509150915D12,50NCHGVT--000250915800//09154790981818
/TRCD/09003/
:86:/REMI/USTD//Trans.Reference: VT--000250915800 ING-id: XX250915636
54787 Transfer provisie: EUR 12,50/
:61:2509160915D12,50NCHGVT--000250915800//09154790981819
/TRCD/09003/
:86:/REMI/USTD//Trans.Reference: VT--000250915800 ING-id: XX250915636
54786 Transfer provisie: EUR 12,50/
:61:2509150915D12,50NCHGVT--000250915800//09154790981820
/TRCD/09003/
:86:/REMI/USTD//Trans.Reference: VT--000250915800 ING-id: XX250915636
54789 Transfer provisie: EUR 12,50/
:61:2509150915C145796,59NCMIPPM14336080//09164791145083
/TRCD/05001/
:86:/CNTP/NL40INGB0007041500/INGBNL2A/Unit4 Group Holding B.V.///REMI
/USTD//POOL-M NL40INGB0007041500 POOL-S NL87INGB0682431478 PPM143
36080 15/09/2025/
:62F:D250915EUR17244,50
:64:C250915EUR0,00
:86:/NAME/Unit4 Group Holding B.V.//BIC/INGBNL2A//SUM/9/2/1898628,69/
1881384,19/
-